3046 4920
194 458 267 504 car.
283 444 323 535 tt]
537 466 584 517 nn
603 465 850 517 numanum.

196 621 228 683 in
246 619 299 684 De
317 622 583 695 Consecracione,
608 620 815 683 distinccione
839 619 895 699 11³,
913 619 1021 680 Prima
1042 616 1190 700 quidem:

196 725 418 809 spiritualiter
449 725 620 810 intelligite
657 744 719 809 que
751 726 877 788 locutus
908 738 994 787 sunt:
1025 723 1097 785 Non
1128 724 1189 785 lroc

195 849 315 915 corpus
347 836 434 914 quod
462 830 572 894 videtis
605 828 839 892 manducaturi
869 829 941 892 estis
974 847 1029 890 nec
1060 827 1190 889 bibituri

195 937 388 1021 sanguinem
426 954 521 1019 quern
550 931 672 1020 fusuri
708 944 784 998 sunt
814 934 871 1018 qui
907 953 958 996 me
989 931 1186 1015 crucfigent.

168 1045 183 1097 5
197 1039 446 1103 Sacramentum
462 1037 597 1122 aliquod
610 1039 698 1102 uobis
721 1038 952 1116 commendavi,
976 1035 1189 1121 spiritualiter

196 1144 389 1209 intellectum
404 1143 572 1228 vivificabit
589 1161 654 1207 vos.
680 1144 774 1209 Unde
788 1143 829 1206 ad
844 1142 1087 1225 intelligendum
1099 1141 1188 1224 quod

196 1269 261 1312 non
286 1250 341 1313 illo
365 1249 465 1313 modo
488 1268 556 1332 quo
579 1247 641 1333 ipsi
665 1263 781 1332 putant
805 1263 915 1331 erogat
944 1267 1060 1331 corpus
1090 1265 1188 1310 suum

195 1354 271 1418 dicit
291 1356 396 1438 ipsum
420 1373 635 1419 ascensurum
659 1354 692 1416 in
716 1353 821 1417 celum
844 1354 1017 1438 integrunt.
1045 1352 1126 1416 Cum
1143 1352 1188 1414 ui·

195 1459 315 1535 deritis,
344 1458 458 1543 inquit,
473 1459 589 1544 filiurn
616 1459 756 1522 ltorninis
778 1457 1011 1538 ascendentem,
1040 1458 1095 1521 ubi
1117 1466 1189 1520 erat

152 1565 296 1647 soprius,
318 1565 454 1648 spiritus
477 1574 524 1628 est
548 1564 605 1647 qui
626 1562 777 1647 vivificat.
802 1562 947 1647 Antiquo
969 1582 1045 1645 ergo
1061 1564 1188 1626 decreto

196 1684 325 1752 patrum
352 1670 468 1753 pocius
499 1669 697 1733 credendum
728 1681 787 1750 est,
818 1687 893 1732 cum
921 1667 1189 1752 quinquagesima

195 1774 413 1852 distinctione,
429 1774 572 1838 Domino
585 1784 712 1851 sancto,
736 1774 797 1837 sub
813 1772 999 1837 auctoritate
1015 1772 1126 1836 Isidori
1143 1772 1189 1835 sic

194 1881 343 1945 habetur:
368 1881 658 1964 Quotienscunque
674 1880 708 1943 in
724 1878 825 1965 gestis
839 1880 1048 1943 conciliorum
1064 1878 1189 1942 discors

194 1987 357 2050 sentencia
371 1987 545 2063 inuenitur,
559 1986 649 2049 illiue
665 1985 796 2048 concilii
816 1985 922 2070 magis
943 1994 1092 2048 teneatur
1113 2002 1187 2047 sen·

153 2090 185 2143 ι5
195 2094 298 2156 teneia
313 2093 408 2156 cuius
427 2091 594 2176 antiquior
608 2100 641 2154 et
648 2091 765 2174 pocior
780 2099 871 2154 extat
892 2090 1079 2153 auctoritas.
1103 2088 1186 2154 Cum

196 2217 272 2282 ergo
294 2197 457 2261 sentencia
479 2196 598 2260 decreti
621 2195 664 2258 sit
682 2194 897 2279 propinquior
916 2193 998 2258 tonri
1021 2194 1188 2277 scripture,

194 2302 319 2366 videtur
332 2303 424 2387 quod
448 2302 503 2364 illa
525 2301 558 2363 in
582 2299 714 2365 materia
738 2299 813 2364 fidei
836 2300 950 2383 pocius
974 2315 1020 2364 est
1037 2300 1186 2363 tenenda.

241 2408 380 2473 Ulterius
396 2421 557 2492 quantum
574 2407 614 2468 ad
630 2405 884 2490 descripcionem
902 2403 1410 2469 transsubstantiati-01¹¹avemus

1224 2469 1250 2500 sa
1279 2457 1330 2501 that
1344 2457 1383 2500 tlte

195 2513 306 2593 rionis,
332 2514 460 2578 videtur
482 2513 573 2596 quod
596 2510 682 2596 capit
706 2511 935 2596 calumpniam,
968 2511 1185 2594 supponendo
1202 2508 1405 2613 hssffgdffibffl‘

151 2617 247 2706 ²⁰(ut
261 2618 432 2683 adversarii
450 2615 602 2702 latentur)
623 2618 712 2701 quod
735 2616 787 2680 illa
811 2616 979 2679 conversio
1002 2636 1069 2680 non
1092 2614 1186 2699 ponit
1202 2613 1299 2724 riuini'}
1310 2615 1405 2711 {affige

195 2725 458 2789 anichilacionem
498 2743 556 2786 nec
595 2721 928 2806 ydemptificacionem
974 2721 1066 2806 panis
1112 2741 1185 2785 cum
1216 2718 1395 2816 ῑὴᾛὲξζὴῐ

196 2851 331 2914 corpore
354 2830 495 2909 Christi3
527 2849 603 2891 nam
627 2848 726 2891 omne
748 2827 895 2892 accidens
918 2839 1049 2911 oportet
1071 2826 1187 2889 habere
1233 2823 1256 2867 dl
1277 2824 1374 2868 '⁶⁰¹¹i‘t·

193 2937 385 3016 subiectum,
408 2934 515 2999 omnis
539 2933 610 2997 talis
635 2933 942 2997 transubstantiatio
963 2946 1010 2997 est
1029 2931 1187 3009 accidens,

194 3062 269 3125 ergo
291 3060 426 3104 omnem
453 3041 549 3103 talem
578 3053 709 3122 oportet
738 3038 855 3102 habere
882 3038 1079 3116 subiectum
1113 3036 1189 3099 licet

150 3138 303 3211 ²5aurem
327 3145 489 3210 fateantur
516 3145 666 3208 accidens
694 3164 764 3209 esse
793 3143 862 3208 sine
890 3144 1046 3222 subiecto,
1078 3157 1188 3205 tamen

193 3253 304 3317 dicunt
342 3253 432 3338 quod
470 3251 580 3334 ipsum
618 3264 751 3335 oportet
789 3249 904 3313 habere
942 3249 1123 3313 subiectum
1156 3247 1189 3310 in

193 3358 360 3442 principio,
393 3377 507 3441 ymmo
535 3353 586 3440 (ut
608 3356 726 3419 inlecte
749 3355 914 3440 loquendo
945 3350 1071 3437 dicunt)
1100 3353 1189 3436 quod

194 3465 301 3546 ipsum
330 3478 378 3527 est
400 3462 584 3526 subiectum
602 3462 642 3523 ad
659 3461 838 3545 quemlibet
859 3459 907 3522 sui
932 3474 1098 3542 punctum,
1123 3478 1189 3520 non

194 3588 270 3652 ergo
286 3582 334 3632 est
350 3568 419 3631 sine
435 3568 595 3648 subiecto,
620 3587 734 3650 ymmo
756 3586 855 3630 omne
878 3565 1022 3627 accidens
1039 3563 1189 3646 respecti·

148 3668 270 3736 3⁰vum
303 3672 487 3735 cuiusmodi
516 3687 566 3735 est
596 3671 703 3735 omnis
727 3671 881 3754 mutacio,
915 3669 1095 3733 concedunt
1123 3687 1188 3729 non

246 3924 263 3957 t.
279 3912 309 3956 E:
328 3913 408 3969 primo
422 3914 522 3970 quidem.
591 3928 614 3965 4.
630 3911 662 3956 E:
682 3909 793 3969 effusuri.
861 3909 880 3956 5.
895 3909 925 3954 E:
945 3907 1105 3954 commendari
1118 3909 1189 3952 rmllr.

193 3995 224 4027 ra.
240 3984 293 4028 att:
313 3983 415 4027 Domino
422 3983 503 4039 sacto.
570 3981 599 4027 13.
615 3983 706 4026 codd:
727 3982 893 4033 consttr'ornm,·
911 3980 941 4024 tt:
960 3979 1113 4023 consiliorum
1126 3979 1190 4021 atlas

191 4053 361 4104 curatiorem
380 4055 402 4098 Α
420 4054 443 4097 in
466 4064 555 4109 marp:
574 4053 640 4096 allas
657 4052 820 4096 conciliorum.
920 4047 951 4092 23.
972 4049 1005 4093 D:
1024 4048 1189 4092 rulstacr'oar'o.

192 4135 229 4175 aa.
244 4122 275 4166 E:
294 4135 346 4167 erse
357 4123 493 4167 ratletturn.
557 4122 589 4167 ss.
605 4122 636 4166 C:
656 4123 708 4165 sine
721 4122 766 4165 alia
782 4132 861 4165 manu.
924 4131 959 4176 ²7·
975 4119 1007 4162 D:
1026 4118 1114 4175 inserte
1128 4118 1191 4166 loeo,-

192 4194 225 4237 C:
243 4194 324 4247 logice
336 4193 380 4236 alia
396 4205 475 4237 manu.
571 4192 606 4236 28.
623 4192 657 4236 n:
676 4195 713 4235 ert
726 4192 798 4235 deest.
897 4200 933 4244 an.
949 4187 981 4232 C:
1000 4192 1035 4231 cst
1048 4188 1092 4230 ntia
1108 4199 1188 4230 mansa.

192 4274 230 4317 29,
244 4261 280 4307 ³0.
296 4263 329 4306 tt:
348 4263 443 4319 respicit
456 4268 545 4307 tantum
560 4261 678 4306 eiusmodi
690 4265 732 4305 est.
789 4258 825 4303 30.
841 4257 872 4304 C:
892 4258 1039 4302 contendunt.

245 4405 270 4458 8.
288 4407 390 4459 Deerat.
409 4409 426 4458 1.
438 4423 462 4458 c.
540 4421 578 4457 ra.
598 4407 674 4457 Dect.
689 4406 776 4456 Prima
790 4405 861 4466 Pars,
881 4404 940 4456 dist.
956 4403 985 4464 1.,
999 4417 1056 4468 cap.
1071 4400 1187 4451 xxvttt.

1050 4507 1066 4551 ,ι
1075 4492 1088 4516 ”
