3046 4920
139 446 208 490 can
224 430 277 518 nc]
485 447 529 496 na
548 444 791 495 rtucuntttsttn.

142 605 320 670 ecclesiam.
353 604 448 668 Stetit
472 602 559 664 enim
582 620 701 683 sponsa
725 597 844 663 Christi
869 601 901 664 in
925 600 1055 664 floribus
1079 600 1128 685 (ut

142 707 295 794 creditur)
319 710 443 772 circiter
460 705 545 768 mille
562 725 673 787 annos,
696 719 871 788 antequam
889 705 983 768 luerit
998 721 1128 768 onerata

144 816 205 879 ista
232 813 374 897 perfidia,
406 811 482 894 quia
510 831 612 894 usque
644 809 683 871 ad
716 808 874 873 indebitos
907 811 1054 874 cultores.
1088 811 1129 874 Et

147 933 236 1003 patet
266 917 355 1001 quod
388 918 532 979 doctores
571 915 680 996 legum
718 914 888 977 hominum
926 930 1000 977 sunt
1036 915 1128 976 valde

115 1021 281 1105 §suspecti
309 1021 340 1083 in
370 1019 428 1083 ista
454 1018 596 1100 materia,
623 1039 698 1082 cum
725 1018 850 1102 spissim
880 1038 917 1080 ex
945 1018 1350 1101 ignoranciarrrerearamany

144 1126 306 1191 seminant
327 1124 481 1188 hereticos
504 1145 625 1188 sensus.
657 1124 691 1185 ln
720 1122 878 1206 ambiguis
905 1136 1012 1186 autem
1042 1136 1127 1185 extra
1141 1084 1344 1181 hiliginiiesshiffi

141 1230 238 1295 fidem
268 1229 423 1313 scripture
451 1229 557 1292 solent
587 1228 677 1311 periti
708 1228 801 1291 silere
827 1229 877 1291 vel
904 1228 972 1310 ipsa
1004 1227 1128 1290 abicere
1143 1195 1184 1233 ”⁰¹
1198 1201 1252 1233 cm
1267 1191 1347 1233 “m

139 1334 284 1411 curiosis,
301 1335 514 1397 concedentes
529 1333 619 1416 quod
636 1332 762 1415 expedit
778 1331 872 1396 nobis
889 1332 1008 1396 nedum
1026 1332 1128 1395 multa

139 1438 286 1522 ignorare
308 1438 364 1500 sed
388 1458 445 1500 nec
466 1438 615 1521 cogitare,
633 1435 814 1500 cuiusmodi
831 1450 905 1500 sunt
920 1435 1126 1520 impertinen-

98 1542 187 1606 tocia
211 1542 294 1605 fidel.

84 1653 107 1686 Ν
182 1647 293 1729 ltaque
309 1661 468 1731 quantum
482 1647 523 1709 ad
539 1648 741 1729 glossatores,
758 1658 846 1730 patet
869 1666 906 1709 ex
930 1645 1020 1710 dictis
1037 1647 1126 1730 quod
1165 1660 1216 1705 rnt·
1225 1663 1321 1756 grosses-

138 1772 204 1814 non
228 1751 323 1814 debet
346 1751 431 1814 credi
455 1751 516 1816 illis
540 1765 571 1814 ct
593 1751 769 1835 specialiter
791 1751 823 1814 in
842 1752 901 1815 ista
917 1753 1048 1816 materia
1065 1751 1125 1815 nisi
1140 1717 1346 1810 lllllslhllil

137 1857 176 1918 de
205 1871 328 1940 quanto
361 1877 395 1919 se
428 1855 631 1920 fundaverint
664 1857 695 1919 in
730 1856 859 1920 racione
886 1857 937 1919 vel
969 1855 1126 1940 scriptura
1140 1817 1345 1927 'hrffrhihii‘ssm

137 1961 309 2026 autentica.
343 1961 436 2024 Unde
461 1974 593 2045 propter
615 1961 858 2045 perplexitatem
886 1961 969 2025 illius
993 1962 1125 2024 materie

97 2074 126 2124 rt
138 2066 248 2128 datam
264 2086 283 2128 a
299 2065 415 2128 nostris
441 2066 574 2130 novellis
598 2065 784 2130 doctoribus
800 2066 991 2150 glossatores
1015 2066 1123 2129 decre·

137 2184 245 2233 torum
270 2169 410 2233 titubant
432 2186 464 2235 et
486 2171 686 2253 discordant;
714 2171 788 2236 ideo
811 2171 933 2234 dictum
956 2189 1069 2234 eorum
1092 2170 1123 2232 in

137 2273 196 2336 ista
221 2275 356 2338 materia
380 2294 444 2337 non
468 2291 515 2338 est
539 2289 765 2358 argumentum
795 2276 853 2340 nisi
883 2278 923 2339 ad
947 2276 1125 2340 hominem.

182 2380 350 2457 Quantum
367 2380 406 2440 ad
427 2380 574 2443 doctores
598 2381 688 2466 legis,
711 2381 789 2444 dicit
812 2381 945 2464 primus,
969 2395 1000 2443 et
1023 2381 1125 2464 preci·
1151 2394 1186 2439 or
1197 2396 1293 2439 aaron
1308 2401 1331 2437 οι

138 2504 223 2567 puus
234 2483 363 2546 videtur
378 2504 445 2547 esse
455 2484 654 2548 Lanlrancus
670 2487 768 2549 abbas
784 2486 952 2549 Beccensis
968 2486 1000 2548 in
1016 2487 1125 2549 libello
1136 2448 1345 2552 'ffirlr'liric's'i'rrl⁵

97 2608 198 2651 roauo
227 2603 338 2652 contra
365 2588 582 2672 Beringarium
611 2592 658 2653 De
681 2595 886 2654 Sacramenta
909 2591 1039 2669 attaris,
1070 2593 1124 2654 ubi
1141 2553 1341 2665 hehihiihiiny

138 2693 264 2756 videtur
287 2693 465 2776 inpugnare
481 2697 569 2777 quod
587 2695 678 2778 panis
693 2711 724 2758 et
741 2696 853 2758 vinum
870 2711 1036 2760 remanent
1051 2711 1125 2780 post
1182 2666 1301 2712 ‘'mum''

137 2799 416 2861 consecracionem
451 2801 506 2861 sed
539 2799 569 2861 in
598 2802 841 2863 consecracione
871 2803 1030 2864 desinunt.
1065 2801 1125 2865 lste

136 2918 247 2965 autem
266 2903 471 2983 Lanlrancus,
495 2904 568 2967 licet
594 2903 686 2967 suerit
709 2921 850 2989 sanctus,
873 2905 999 2968 aliunde
1017 2920 1123 2970 tamen

137 3006 170 3068 in
205 3028 262 3069 sua
296 3008 480 3071 invectione
513 3008 717 3072 inartificiose
755 3012 911 3093 procedit,
949 3012 1023 3095 quia
1056 3011 1124 3074 sine

96 3123 126 3175 25
137 3112 301 3175 evidencia
317 3133 401 3176 nunc
417 3115 583 3177 contendit
598 3117 697 3178 modo
709 3136 774 3200 quo
791 3119 890 3179 abbas
906 3117 987 3179 solet
1003 3116 1123 3200 alloqui

137 3237 214 3279 suos
240 3219 384 3281 novicios
408 3234 439 3281 et
456 3240 540 3281 nunc
557 3221 688 3283 simulat
703 3220 778 3283 salsa
796 3235 984 3305 contraque
1008 3223 1123 3305 arguit.

137 3323 212 3386 Non
237 3324 323 3384 enim
347 3323 469 3385 invenit
494 3325 596 3387 homo
621 3326 652 3387 in
677 3339 747 3389 toto
771 3328 892 3409 scripto
915 3347 975 3389 suo
999 3325 1120 3411 (sinon

137 3425 242 3510 fallor)
266 3427 325 3489 nisi
350 3427 547 3490 evidenciam
576 3431 747 3513 triplicem:
777 3431 885 3493 Prima
911 3431 935 3493 si
961 3431 1051 3515 panis
1075 3452 1124 3493 rc·

137 3548 256 3605 manet,
286 3547 363 3594 tunc
393 3550 628 3596 sacramentum
653 3537 743 3617 parvi
768 3537 859 3617 panis
887 3536 1047 3618 indignius
1077 3551 1123 3599 est

95 3644 126 3694 30
136 3656 236 3717 quam
252 3658 379 3700 manna.
396 3639 542 3701 Secunda
559 3640 642 3701 racio
661 3654 707 3702 est
723 3641 811 3723 quod
822 3641 992 3723 prophecia
1010 3643 1124 3703 veteris

136 3742 317 3803 testamenti
352 3741 491 3820 figurans
524 3765 642 3826 corpus
677 3745 793 3807 Christi
829 3747 867 3806 de
900 3746 1008 3807 futuro
1043 3746 1122 3808 foret

137 3847 346 3928 sollempnius
370 3869 467 3929 quam
493 3866 639 3911 nostrum
666 3866 899 3911 sacramentum
916 3852 1001 3933 quod
1029 3853 1122 3913 habet

188 4051 210 4093 u.
228 4051 259 4094 ll:
273 4065 364 4095 sensum
379 4055 493 4097 hereticos
500 4070 508 4104 ‚·
525 4055 554 4097 E:
570 4068 650 4098 sentus
665 4057 794 4107 herett'cos;
813 4058 844 4099 ib.
859 4056 933 4101 ABC:
953 4064 1029 4101 autem
1045 4059 1121 4110 dorsu

135 4119 166 4163 E:
182 4127 231 4165 aut.
287 4123 347 4173 7.E:
363 4124 495 4167 solutiones
508 4126 587 4179 periti.
642 4125 708 4178 9.[):
724 4127 842 4182 ignorari.
899 4126 927 4170 13.
944 4128 975 4170 D:
991 4130 1121 4183 inquarrlo.

136 4191 327 4235 tS.D:adccst.
389 4195 468 4237 retr:
490 4196 580 4237 destitit.
643 4194 675 4238 23.
691 4196 720 4239 13:
734 4197 795 4252 suit.
859 4198 944 4249 aaliz
962 4199 1121 4242 r'rrvocact'onc.

134 4261 169 4304 28.
185 4262 278 4305 ABCE:
298 4263 384 4306 Primo.

190 4404 230 4438 ao.
252 4389 388 4439 lanfranci
409 4392 478 4457 Opp.
498 4394 538 4440 ed.
560 4392 631 4441 Gilcs
651 4391 752 4453 ll‚163.
