3046 4920
654 465 822 518 tortarius
840 464 979 516 wrcarr
1169 449 1307 534 [caum.

325 638 407 701 eque
424 620 613 703 periectam3
638 637 669 684 et
692 624 807 705 periret
830 623 934 686 omnia
957 619 1134 683 differencia
1159 621 1307 702 specifica

325 740 356 787 et
380 725 424 787 sic
447 726 568 808 species
590 726 755 808 alleganda
777 740 807 790 et
829 727 873 789 sic
895 727 977 789 scala
1000 745 1057 808 pet
1079 743 1178 808 quam
1207 721 1306 787 fidelis

324 830 510 894 ascenderet
531 830 571 893 ad
595 830 711 910 Deum,
743 849 816 893 cum
846 829 974 894 nonsit
1000 827 1055 891 Dei
1084 828 1160 890 boni
1189 826 1307 890 noticie

325 934 465 997 humane
486 934 623 997 instabili
644 934 689 997 sic
709 933 778 995 sine
793 934 926 1018 regulari
943 932 1155 997 fundamento
1172 929 1306 994 deficere

325 1038 374 1100 vel
397 1056 530 1101 omnem
553 1036 760 1100 stabilitatem
783 1038 975 1100 sensacionis
991 1037 1112 1111 tollere,
1136 1035 1331 1117 etspecia·5

324 1142 395 1204 liter
417 1142 449 1203 in
473 1155 673 1203 sacramento
696 1141 784 1224 quod
807 1155 853 1202 est
878 1141 945 1203 Deo
973 1141 1153 1223 proprium,
1182 1140 1214 1200 in
1238 1157 1306 1223 quo

323 1245 457 1307 minime
491 1243 573 1306 loret
604 1263 716 1307 sensus
749 1243 855 1306 illusio
887 1244 967 1306 circa
1001 1245 1197 1308 materialem
1230 1246 1305 1307 sub·

323 1349 490 1412 staneiam.
517 1347 591 1410 ldeo
608 1348 735 1410 videtur
750 1349 838 1431 quod
864 1367 927 1410 non
952 1361 1000 1411 est
1023 1349 1220 1412 credendum
1238 1348 1305 1411 istis

323 1451 479 1516 maniacis
512 1451 543 1513 in
577 1450 638 1514 hiis
670 1471 733 1534 que
764 1452 831 1513 sine
865 1450 1074 1515 fundamento
1108 1453 1305 1535 sompniant‚

323 1576 399 1620 cum
422 1557 589 1640 publicant
612 1576 646 1618 se
670 1575 733 1618 non
758 1556 884 1619 eredere
907 1556 967 1620 sibi
992 1556 1081 1639 ipsis.
1320 1580 1350 1615 ro

141 1687 273 1732 trienne
367 1660 486 1724 Tercio
520 1661 664 1743 sequitur
696 1661 736 1723 de
768 1659 835 1723 istis
868 1661 1021 1744 possibili,
1059 1663 1147 1744 quod
1183 1661 1304 1723 nedum

112 1732 302 1837 ‹lllldltlnlll'in
324 1765 503 1828 dubitanda
526 1777 574 1827 est
596 1763 758 1848 quidditas
780 1763 1000 1849 cuiuscunque
1022 1766 1216 1844 substancie‚
1248 1766 1305 1828 sed

134 1840 280 1887 oldillerent
447 1869 454 1883 .
698 1868 704 1881 .
765 1869 771 1882 .
1004 1869 1011 1882 .
1068 1871 1073 1882 .

164 1895 251 1947 aranga.
323 1871 455 1933 concedi
489 1870 585 1931 debet
617 1868 795 1952 predrcacro
822 1883 933 1932 mutua
962 1870 1132 1932 cuiuslibet
1159 1869 1199 1930 de
1222 1888 1305 1953 quo·

322 1992 461 2057 cunque,
479 1987 515 2035 ut
530 1972 637 2055 posito
652 1973 740 2056 quod
758 1973 842 2035 Deus
858 1973 1071 2035 communicet
1088 1973 1183 2035 Petro
1200 1993 1303 2036 sacer-

323 2078 390 2140 doti
416 2079 598 2160 potenciam
623 2077 946 2139 transsubstantiandi
970 2077 1109 2140 hostiam
1132 2078 1163 2139 in
1187 2088 1348 2160 corpusr5

323 2182 535 2261 dominicum,
574 2182 752 2264 habeatque
794 2181 956 2264 dyaconus
1001 2201 1078 2244 suus
1121 2182 1303 2263 potenciam

324 2285 654 2350 transsubstaneiandi
678 2305 746 2348 eam
772 2285 802 2347 in
827 2287 1001 2369 eeclesiam,
1025 2299 1056 2348 et
1085 2286 1201 2348 habeat
1227 2287 1302 2348 sub·

322 2392 476 2455 diaconus
499 2411 578 2454 suus
601 2404 793 2472 potestatem
810 2390 1133 2453 transsubstanciandi
1150 2391 1254 2473 ipsam
1271 2391 1303 2452 in

321 2510 429 2560 totum
459 2496 616 2558 mundum
642 2509 673 2556 et
696 2495 869 2578 quamlibet
892 2496 959 2558 eius
983 2510 1116 2578 partem,
1139 2511 1171 2558 et
1195 2497 1304 2578 posito

322 2602 409 2684 quod
436 2601 487 2662 isti
512 2613 575 2661 tres
598 2600 694 2661 simul
724 2599 875 2683 incipiant
897 2614 928 2662 et
951 2599 1046 2662 simul
1071 2598 1182 2661 finiant
1206 2620 1303 2682 super
1315 2623 1349 2658 20

322 2705 432 2766 eadem
458 2703 561 2766 hostia
586 2704 680 2766 verba
703 2723 760 2765 sua
783 2704 1032 2778 sacramentalia,
1063 2718 1190 2765 etcum
1216 2704 1303 2766 Deus

323 2828 389 2870 non
406 2808 566 2870 subtrahit
582 2820 771 2889 potestatem
784 2807 970 2870 conficiendi
988 2823 1119 2890 propter
1135 2823 1302 2890 peccatum

321 2913 467 2989 ministri,
500 2914 607 2994 posito
631 2913 717 2994 quod
744 2913 828 2973 Deus
859 2927 1026 2974 concurrat
1055 2932 1128 2973 eum
1158 2914 1303 2994 quolibet

321 3018 458 3079 istorum
488 3036 589 3099 usque
613 3015 643 3076 in
669 3014 765 3077 finem
794 3015 987 3098 perficiendo
1015 3017 1303 3098 correspondenter

321 3123 360 3183 ad
386 3120 568 3202 potenciam
597 3120 657 3181 illis
685 3120 806 3201 datant3
840 3139 904 3203 quo
932 3119 1036 3201 posito
1060 3121 1188 3182 videtur
1214 3122 1347 3203 qu0d25

323 3227 352 3287 in
379 3224 442 3287 fine
471 3244 589 3305 corpus
613 3223 732 3286 Christi
763 3224 820 3286 erit
846 3225 977 3286 ecelesia
999 3239 1030 3286 et
1054 3226 1195 3287 mundus
1228 3244 1304 3287 cum

321 3330 465 3412 qualibet
496 3329 544 3389 sui
580 3342 677 3410 parte,
710 3329 786 3410 quia
817 3329 985 3411 quodlibet
1017 3330 1151 3391 istorum
1179 3343 1226 3391 est
1255 3349 1303 3390 res

321 3434 465 3495 eiusdem
482 3434 687 3513 sacramenti3
711 3445 741 3494 et
757 3432 869 3494 iterum
886 3451 959 3495 cum
975 3447 1041 3494 tam
1057 3434 1187 3495 ecclesia
1204 3453 1304 3515 quam

321 3539 462 3599 mundus
486 3550 594 3599 manet
617 3538 793 3598 secundum
821 3538 997 3619 quamlibet
1021 3537 1069 3598 sui
1095 3551 1227 3619 partem,
1257 3537 1302 3598 vi·

320 3643 414 3704 detur
434 3643 523 3724 quod
541 3642 678 3703 mundus
695 3640 734 3703 sit
750 3642 924 3702 secundum
940 3662 973 3704 se
990 3655 1094 3704 totum
1111 3641 1140 3702 in
1159 3643 1302 3723 qualibet
1314 3657 1348 3707 30

319 3746 366 3807 sui
385 3760 482 3827 parte.
505 3746 544 3807 Et
561 3745 677 3806 iterum
694 3745 818 3806 videtur
834 3746 918 3827 quod
936 3745 1076 3827 quelibet
1093 3765 1165 3826 pars
1188 3747 1299 3806 mundi

373 4088 387 4120 ι.
400 4072 496 4119 ABCD:
509 4073 625 4130 perfecta.
675 4085 695 4116 2.
706 4072 736 4116 E:
751 4074 784 4116 rie
798 4073 868 4116 deest.
921 4086 944 4123 4.
955 4074 988 4116 A:
1003 4073 1149 4128 irregulari,·
1163 4072 1263 4116 correxit
1279 4073 1301 4115 in

320 4157 394 4202 marg.
457 4156 488 4188 ro.
504 4143 599 4188 ABCE:
618 4155 644 4187 ae
657 4143 728 4198 ipsiu
747 4141 803 4187 Cin
819 4153 890 4196 marg.
905 4141 949 4185 alia
963 4153 1046 4184 manu:
1064 4142 1115 4185 sibi.
1176 4139 1206 4195 13,
1222 4154 1253 4194 ra.
1270 4140 1300 4184 E:

318 4216 427 4272 quolibet.
519 4227 551 4268 ra,
571 4213 600 4258 15.
619 4214 751 4264 sacerdoli,·
769 4211 801 4255 D:
820 4211 967 4256 sacramenti.
1057 4210 1085 4254 15.
1104 4211 1136 4254 D:
1153 4215 1300 4267 potestatem.

319 4284 351 4329 18.
367 4284 399 4328 C:
418 4284 605 4334 transmutandi,-
623 4284 722 4327 correxit
736 4284 758 4326 in
774 4294 859 4338 marg.;
879 4282 909 4325 ib.
925 4280 955 4323 E:
975 4293 1033 4325 eam.
1096 4292 1127 4336 ¹9·
1143 4280 1173 4324 E:
1193 4286 1216 4324 et
1228 4292 1300 4337 pono.

318 4366 348 4400 at.
371 4356 404 4399 D:
426 4359 552 4398 ettamen.
632 4350 665 4396 23.
686 4352 780 4397 ARCD:
799 4364 870 4409 pono.
954 4362 990 4404 ²4·
1013 4351 1044 4394 D:
1062 4350 1207 4408 perficiendo
1228 4352 1300 4394 deest.

319 4426 352 4469 28.
368 4424 485 4473 crinalem,¹
504 4423 534 4466 E:
554 4422 627 4465 lrur'aa.
694 4423 728 4470 aa.
743 4433 778 4477 ao.
794 4422 824 4466 C:
844 4434 912 4477 quum
926 4422 1022 4464 uerendus
1035 4421 1058 4463 in
1075 4433 1146 4474 marg.
1162 4421 1205 4463 alin
1221 4432 1299 4463 manu.
