3046 4920
637 430 967 485 roasuutswucur
1190 408 1317 501 [ωτι

325 586 403 653 dicit
418 588 622 673 Augustinus
637 591 727 674 quod
743 590 830 655 Deus
852 602 900 655 est
921 588 1025 653 iustus
1048 584 1173 650 iusticie
1196 599 1229 652 et
1250 606 1317 651 non

324 692 489 777 qualitate,
511 692 557 759 sic
578 694 821 759 concedendurn
843 706 892 757 est
914 693 1004 777 qnod
1025 690 1117 753 Deus
1143 699 1193 754 est
1212 698 1318 755 taem

324 797 439 863 dolore
463 799 573 863 cordis
600 796 670 863 sine
697 796 846 881 passione
872 796 922 861 vel
951 792 1132 879 penitencia
1158 792 1320 861 dolorosa.

325 902 367 967 Et
398 915 487 987 pater
517 902 551 965 in
581 899 702 985 quibus
733 900 887 963 debemus
918 899 1008 983 loqui
1040 895 1248 963 conformiter
1276 898 1319 961 sd

324 1006 515 1090 scripturam
546 1018 578 1069 et
609 1005 643 1067 in
673 1002 792 1089 quibus
823 1003 979 1067 debemus
1006 1000 1098 1087 loqui
1128 999 1345 1087 expositori&

323 1108 487 1195 suspensis
520 1106 680 1193 peribolis
716 1106 906 1172 admirando
946 1106 1015 1171 eius
1054 1106 1209 1171 subtilem
1245 1124 1319 1169 sen·

324 1212 478 1295 tentiam,
507 1226 545 1277 ut
573 1210 707 1297 quidem
738 1210 921 1297 intelligunt
945 1232 1004 1296 per
1030 1210 1092 1275 boc
1118 1211 1209 1297 quod
1232 1211 1319 1274 Deus

323 1328 505 1383 estractus
531 1314 644 1383 dolore
671 1314 782 1383 cordis
806 1317 1015 1401 intrinsecus,
1042 1316 1211 1402 quomodo
1237 1328 1320 1379 eter-

324 1421 439 1488 naliter
465 1419 672 1505 displicencis
697 1420 757 1485 Dei
782 1420 883 1487 Petris
910 1420 986 1487 iecit
1011 1422 1102 1508 quod
1131 1420 1218 1485 misit
1248 1418 1320 1484 uni·

323 1527 471 1611 genitum
502 1546 600 1591 suurn
633 1526 883 1609 incarnandum
913 1525 994 1592 unio
1026 1526 1113 1591 eninr
1140 1523 1321 1613 ypostatiea
1334 1548 1366 1585 ιο

325 1629 388 1696 luit
409 1632 513 1697 tsccio
534 1628 729 1697 infirmitatis
750 1628 819 1714 lilii,
841 1630 918 1717 quie
938 1652 979 1697 ex
1000 1631 1064 1697 hoc
1086 1631 1173 1697 filius
1191 1630 1249 1715 qui
1272 1644 1321 1694 est

327 1752 443 1801 nutura
458 1734 559 1821 petris
573 1736 764 1801 intrinsecus
773 1734 833 1801 fuit
847 1735 965 1801 nostris
974 1734 1142 1801 doloribus
1156 1748 1321 1801 oneratus.

127 1854 257 1913 nnnoeny
269 1853 298 1899 or
370 1842 543 1919 Quantum
560 1842 601 1905 sd
622 1840 802 1906 secundum
822 1840 995 1925 allegatum
1009 1840 1051 1904 de
1065 1837 1321 1906 autenticseione

125 1907 221 2005 iiiiii
234 1913 299 2004 {llil
326 1944 479 2026 doctoris,
502 1956 591 2029 petet
609 1944 699 2028 quod
722 1944 856 2029 quilibet
878 1944 993 2009 doctor
1014 1958 1062 2009 est
1085 1944 1320 2022 concedendus,

108 2011 312 2121 ”giiii'iirii'h
325 2049 383 2113 sed
399 2048 521 2113 nullius
536 2047 723 2133 posterioris
734 2047 875 2113 doctoris
889 2048 1050 2114 sentencia
1066 2047 1125 2111 nisi
1141 2048 1183 2113 de
1197 2058 1365 2132 qusnt015

324 2170 374 2219 est
389 2152 561 2218 fundibilis
577 2174 616 2219 ex
631 2153 797 2239 scriptura.
818 2152 924 2220 Credo
934 2166 1042 2219 autem
1053 2152 1142 2237 quod
1158 2150 1319 2217 sentencie

325 2259 410 2323 beati
445 2258 620 2323 Bernhardi
652 2256 713 2323 luit
742 2256 903 2324 katholics
938 2258 994 2323 sed
1031 2258 1137 2343 logica
1173 2257 1241 2323 eius
1273 2270 1322 2321 est

325 2361 422 2428 hodie
457 2365 692 2447 postponenda.
732 2363 786 2429 Sic
822 2362 908 2429 euim
945 2362 1081 2428 laeimus
1119 2384 1196 2430 curn
1226 2363 1321 2448 loyca

324 2468 454 2532 ecclesie
477 2468 518 2534 de
542 2467 733 2546 Eularistin,
756 2466 801 2534 sic
824 2468 926 2532 eciam
947 2488 1023 2552 sepe
1042 2468 1193 2553 prohibet
1207 2471 1318 2551 Augu·

324 2572 427 2636 stinus
450 2573 540 2657 quod
564 2570 777 2637 defendantur
797 2574 849 2637 vel
878 2585 1047 2637 teneantur
1068 2572 1152 2638 dicte
1175 2592 1233 2636 sue
1257 2570 1319 2635 nisi
1330 2596 1366 2637 so

324 2679 364 2740 de
387 2689 511 2762 quanto
535 2690 715 2741 consonant
737 2697 812 2742 cum
835 2678 999 2761 scripturn.
1029 2676 1186 2742 intellexit
1207 2689 1318 2742 nutem

323 2781 529 2845 Bernhardus
556 2801 613 2865 per
635 2801 761 2862 manus,
789 2781 900 2845 oculos
928 2797 960 2845 et
987 2802 1080 2846 eures
1109 2781 1320 2866 personaliter

323 2887 457 2948 verbum
469 2884 525 2948 Dei
543 2885 633 2949 etsie
649 2886 758 2970 posuit
773 2885 940 2968 figurative
956 2887 1009 2951 illa
1024 2908 1144 2969 organa
1160 2884 1317 2970 crucifigi;

325 2990 388 3053 hoc
404 3004 453 3054 est
468 2990 597 3074 signum
613 2990 773 3075 signatum
793 2991 915 3073 perillo
932 3011 1053 3076 organa
1067 2993 1118 3054 rel
1140 2991 1320 3055 secundum

105 3109 170 3155 trees
185 3108 308 3172 offeretur
325 3093 426 3158 alium
437 3115 566 3158 sensum
579 3094 673 3158 nobis
684 3095 920 3159 absconditum.
937 3096 1000 3160 Sed
1013 3116 1073 3159 nos
1088 3115 1154 3159 non
1164 3097 1320 3158 debemus
1330 3105 1363 3158 αδ

122 3170 295 3270 ‘'iridi-'iiiii'
324 3198 485 3282 predicere
516 3198 622 3263 taliter
648 3214 680 3264 et
707 3200 882 3283 specialiter
910 3199 1088 3284 invulgati
1115 3200 1183 3263 sine
1210 3199 1317 3283 expla-

325 3304 459 3367 nacione
487 3324 598 3367 sensus
626 3303 788 3384 katholici,
825 3325 899 3368 cum
927 3305 1088 3369 sentencia
1116 3305 1251 3369 heretica
1274 3304 1319 3367 sic

324 3408 363 3470 de
387 3406 477 3471 facile
501 3408 675 3492 surriperet
697 3411 729 3473 in
753 3409 914 3473 auditorio
937 3430 975 3473 er
996 3410 1193 3494 negligencia
1213 3410 1318 3493 predi·

379 3659 396 3693 r.
410 3646 441 3693 E:
461 3648 573 3702 dicimus,-
594 3650 616 3695 A
631 3650 676 3694 elia
690 3661 775 3695 ntsnu:
794 3650 852 3696 dicit
864 3649 1018 3707 Augustinus.
1111 3647 1131 3694 3.
1146 3650 1179 3694 il:
1199 3650 1237 3694 rel
1246 3661 1318 3707 peno.

323 3732 347 3771 4.
368 3718 444 3763 Alte:
466 3718 628 3776 uut'sormilcr.
727 3734 751 3774 4,
772 3720 792 3766 5.
813 3721 848 3765 A:
868 3720 1020 3778 uniformiter
1039 3744 1065 3752 -
1086 3721 1154 3778 loqui
1171 3720 1215 3764 slis
1237 3732 1317 3764 tnnntn

324 3801 347 3846 9.
361 3788 395 3832 C:
413 3789 539 3845 proruisti,¹
557 3789 580 3833 in
597 3801 685 3846 marg:
705 3790 775 3836 misit.
835 3802 868 3844 tt.
882 3791 1002 3844 doelorr's,·
1020 3790 1167 3836 Ccorrexit:
1181 3791 1319 3839 doctorem:

324 3859 356 3900 ib.
370 3859 403 3903 C:
425 3860 490 3916 quod
506 3859 551 3904 alin
572 3872 656 3910 mann:
676 3860 708 3905 ib.
723 3860 756 3905 ll:
776 3860 840 3918 quod
856 3860 939 3906 omnis.
1021 3862 1049 3906 15.
1065 3861 1097 3905 C:
1116 3860 1225 3904 doctoris
1243 3860 1316 3904 deust.

325 3927 357 3971 ni.
372 3927 405 3972 ll:
419 3929 450 3973 de
462 3929 588 3985 scripturn.
631 3940 666 3974 πο.
683 3930 711 3973 ll:
727 3935 845 3974 tueantur.
886 3940 916 3974 st.
931 3929 1021 3975 codd:
1037 3936 1164 3975 cnttsnnal:
1178 3930 1209 3972 ib.
1220 3928 1252 3973 C:
1267 3940 1317 3972 cern

324 3996 369 4040 sliu
384 4010 463 4042 manu.
505 4010 539 4054 22,
554 3998 588 4043 23.
605 3998 638 4043 tt:
649 3999 807 4056 probabiliter
820 4001 912 4044 uerbum
928 3999 979 4045 Del.
1027 4011 1063 4052 24.
1079 4000 1111 4044 D:
1126 4001 1170 4043 loc
1183 3999 1319 4051 euntium,-

325 4067 357 4110 ib.
372 4066 403 4111 li:
417 4070 558 4125 figuratum.
632 4080 667 4124 27·
683 4069 717 4113 28.
733 4069 786 4115 llll:
805 4074 853 4114 tam
872 4069 903 4114 de
912 4071 1004 4127 snct'lt'r
1025 4069 1057 4115 C:
1078 4075 1134 4113 tnnc
1146 4067 1274 4125 defitcilt'r
1293 4068 1316 4111 in

325 4148 413 4191 merge
428 4139 464 4183 st'c
476 4139 508 4183 de
513 4138 600 4195 fitcr’li.

384 4298 404 4332 t.
423 4284 450 4332 S.
469 4285 609 4348 Augustini
630 4284 701 4348 Opp.
721 4292 786 4333 toni.
799 4283 830 4346 Υ,
848 4299 903 4348 'lis
923 4282 941 4346 1,
961 4282 1013 4337 (nlo
1032 4294 1081 4334 etc.
1156 4282 1195 4335 15.
1215 4284 1317 4333 bertot.

325 4369 411 4421 Prima
432 4370 503 4435 Pars,
523 4373 582 4422 dist.
602 4371 643 4434 tx,
661 4386 718 4438 cap.
737 4372 768 4422 X.
788 4371 828 4422 ct.
843 4371 963 4439 ll'yclis's
982 4372 1020 4422 lle
1034 4372 1182 4440 Apostnsia,
1201 4386 1261 4438 pag.
1273 4368 1316 4423 ὁὸ.
