3046 4920
183 418 252 466 aaa.
266 405 330 495 vn]
525 425 571 474 nn
591 420 834 473 uocuaarstlrt.

184 595 295 644 autem
318 597 395 644 sunt
419 581 478 643 iste
503 595 565 642 tres
581 577 743 640 visionum
767 577 888 659 species
912 578 1115 655 comitantes,
1139 593 1175 640 ut

183 685 280 748 simul
303 687 398 748 video
426 684 488 746 hiis
513 681 615 745 tribus
643 681 817 745 virtutibus
839 699 1077 745 sacramentum
1102 702 1174 746 sen·

182 789 272 853 sibile
295 788 413 873 triplici
436 786 569 851 visione.

226 895 285 958 Est
307 908 418 956 autem
440 891 555 975 triplex
578 891 660 954 visio
684 891 912 972 intellectualis,
936 892 1055 955 scilicet
1074 892 1173 956 intui·
1190 903 1268 966 Three
1282 904 1352 950 kinds
1366 906 1394 948 ot·

156 1000 258 1073 itiva,
282 997 473 1061 abstractiva
496 1010 529 1060 et
557 996 757 1081 enigmatica.
789 997 896 1060 Prima
919 997 1044 1060 visione
1067 997 1176 1061 vident
1220 958 1381 1054 rnqqppppqar.

184 1105 287 1165 Deum
303 1102 388 1165 beati
406 1103 437 1166 in
454 1102 568 1186 patria,
591 1101 673 1166 sicut
684 1100 794 1165 vident
808 1103 940 1186 angelos
956 1117 987 1165 et
1002 1101 1175 1182 sensibilia,
1190 1062 1391 1212 iiJ'iigigii'sii

181 1222 213 1270 et
236 1227 311 1271 cum
334 1222 424 1271 actus
448 1206 674 1291 specificantur
696 1208 736 1269 ab
760 1207 904 1293 obiectis,
928 1207 1060 1291 ponitur
1083 1209 1173 1291 quod
1282 1181 1321 1211 θ’

182 1313 240 1375 iste
258 1326 333 1375 sunt
353 1326 417 1375 tres
433 1312 557 1395 species
573 1311 803 1391 intuicionum,
826 1312 909 1375 sicut
924 1312 1016 1376 aliter
1030 1312 1176 1376 intuetur

184 1419 295 1480 beatus
318 1416 466 1481 sensibile
491 1431 522 1481 et
544 1417 637 1480 aliter
652 1417 763 1482 viator.
789 1417 926 1481 intuitio
949 1432 1059 1481 autem
1082 1418 1173 1482 intel·

142 1551 171 1585 ιο
181 1522 324 1586 lectualia
349 1523 445 1586 habet
470 1523 552 1586 hanc
581 1523 743 1587 racionem
773 1524 862 1607 quod
891 1543 948 1606 per
969 1543 1003 1585 se
1026 1538 1175 1587 causatur

181 1649 219 1691 ex
235 1627 411 1710 capacitate
426 1628 606 1693 intellectus
623 1644 653 1692 et
670 1627 832 1712 presencia
853 1629 895 1691 rei
913 1629 990 1706 vise,
1015 1642 1050 1691 ut
1066 1629 1173 1712 posito

180 1731 294 1795 visibili
327 1753 403 1796 cum
442 1753 500 1796 sua
536 1733 753 1818 applicacione
790 1752 854 1817 que
891 1733 1079 1817 exprimitur
1116 1753 1174 1817 per

180 1836 376 1919 presenciam
409 1852 440 1902 et
472 1837 642 1901 sufficienti
675 1837 848 1922 capacitate
882 1838 1063 1902 intellectus
1093 1858 1171 1902 con·

180 1943 326 2026 sequitur
340 1943 483 2008 intuicio.
501 1944 565 2006 Sed
580 1943 624 2006 sic
640 1959 763 2006 nonest
778 1943 818 2004 de
831 1943 951 2006 visione
966 1943 1170 2022 abstractiva,
1188 1948 1210 2003 a)
1226 1949 1383 2003 abstractive.

1204 2001 1242 2045 the
1257 2003 1329 2047 result
1344 2006 1371 2048 ol

140 2047 252 2130 riquia
290 2049 329 2109 ad
367 2048 455 2111 illam
493 2046 666 2132 requiritur
701 2048 864 2112 discursus
901 2048 1051 2128 racionis,
1088 2048 1172 2111 sicut
1196 2056 1375 2151 reampppraas

178 2152 364 2235 philosophi
398 2153 583 2217 naturaliter
617 2167 775 2217 noverunt
804 2154 908 2217 Deum
938 2174 974 2216 ex
1008 2153 1170 2218 effectibus
1181 2158 1388 2255 ''ffliffiss'ss'lssssssy

179 2257 228 2341 (ut
245 2257 321 2319 dicit
339 2258 517 2341 Apostolus
535 2255 703 2344 Rom-1⁰).
727 2259 768 2322 Et
789 2259 874 2322 illam
894 2258 1006 2322 dicunt
1022 2260 1170 2322 doctores
1253 2264 1315 2306 ⁶0³·

178 2362 295 2446 requiri
318 2363 358 2424 ad
383 2364 506 2426 actuale
529 2362 681 2425 meritum
701 2364 826 2445 viantis,
852 2379 883 2426 et
905 2367 987 2427 hanc
1005 2363 1168 2426 neminem

177 2487 271 2548 posse
296 2466 409 2529 mereri
434 2467 466 2529 in
491 2468 597 2551 primo
628 2468 757 2531 instanti
781 2470 813 2531 in
838 2489 904 2552 quo
928 2468 1041 2552 incipit
1064 2484 1171 2552 preter

133 2571 354 2637 20Christum.
390 2571 529 2655 Oportet
558 2573 644 2636 enim
672 2575 733 2636 tale
764 2573 914 2637 meritum
948 2575 1121 2656 procedere
1151 2594 1168 2634 a

174 2679 342 2740 voluntate
375 2678 473 2740 libere
510 2694 601 2741 mota
635 2699 692 2762 per
729 2680 891 2742 racionem
928 2680 968 2741 ad
1005 2679 1168 2742 meritorie

173 2784 371 2864 operandum
407 2784 498 2866 quod
535 2783 666 2866 requirit
700 2799 829 2867 tempus
862 2785 892 2846 in
923 2786 1069 2869 quolibet
1103 2785 1168 2848 alio

173 2902 278 2970 preter
302 2886 480 2953 Christum.

216 2992 329 3055 Tereia
354 3007 462 3056 autern
478 2993 558 3056 visio
576 2993 798 3058 intellectualis
814 3010 861 3057 est
877 2995 1079 3079 enigmatica,
1102 3015 1347 3112 quequnqmnrc,
1358 3028 1385 3059 aa

130 3103 219 3160 25est
242 3098 281 3158 de
298 3117 377 3180 pure
402 3097 523 3160 credito
548 3096 652 3160 inlusa
668 3100 805 3162 obscura
829 3100 958 3179 noticia,
983 3102 1082 3163 modo
1099 3069 1205 3185 quoby
1219 3070 1326 3165 ‘misici‘
1347 3083 1385 3113 ⁵⁰⁰

171 3201 314 3285 loquitur
337 3204 513 3286 Apostolus
539 3205 559 3266 l.
585 3202 660 3267 Cor.
684 3205 785 3284 Xlll⁰,
815 3221 867 3268 12:
901 3206 1049 3270 lactemus
1078 3227 1166 3270 nunc

168 3309 407 3390 perspecalrrm
424 3310 457 3370 in
473 3311 647 3392 enigmate,
661 3319 740 3372 tunc
755 3320 861 3373 autem
868 3310 964 3394 facie
979 3310 1163 3395 adfaciem.

172 3412 212 3473 Et
235 3412 387 3475 noticiam
413 3413 505 3476 istius
529 3414 619 3476 modi
643 3413 760 3476 habent
782 3429 849 3477 tam
873 3416 948 3478 boni
966 3437 1065 3499 quam
1087 3417 1162 3479 mali
1193 3433 1323 3495 Tarauna
1340 3436 1360 3477 rs

171 3517 201 3577 in
231 3519 376 3600 quolibet
409 3518 505 3580 inicio
534 3519 652 3582 noticie
687 3519 729 3581 rei
764 3520 967 3603 insensibilis,
999 3522 1043 3583 sic
1073 3524 1161 3605 quod
1196 3488 1358 3583 prptrhcrpsurna

129 3624 367 3706 aoquandoque
392 3623 489 3685 simul
513 3639 646 3686 currunt
669 3624 728 3688 iste
751 3640 812 3688 tres
842 3626 968 3690 noticie.
1003 3625 1043 3688 Et
1072 3646 1162 3688 com-

172 3729 311 3791 muniter
341 3729 482 3810 precedit
507 3730 588 3791 visio
616 3730 815 3810 enigmatica,
849 3751 921 3792 curn
951 3745 1077 3813 oportet
1102 3752 1161 3794 nos

170 3834 344 3913 procedere
361 3836 400 3894 ab
417 3835 606 3915 imperfecto
623 3837 662 3895 ad
675 3835 859 3917 perlectum.
878 3835 930 3897 Sic
947 3855 1024 3916 ergo
1042 3857 1160 3898 novem

170 3939 273 3999 modis
319 3939 392 3999 satis
436 3941 590 4021 equivoce
629 3940 767 4001 sumitur
804 3941 883 4001 visio
922 3941 953 4001 in
994 3941 1159 4023 scriptura.

221 4152 240 4184 2.
263 4141 295 4186 D:
317 4143 404 4186 videre.
485 4156 506 4197 7.
528 4143 624 4188 auco:
647 4143 804 4199 specificatur.
885 4156 908 4198 o.
931 4145 961 4189 o:
986 4148 1066 4190 beatur
1086 4147 1158 4190 deest.

169 4222 201 4253 ro.
221 4211 251 4253 E:
270 4213 380 4255 habet-
401 4215 519 4257 racionem
539 4215 611 4257 deest.
693 4227 724 4265 rr.
746 4215 775 4258 ll:
794 4216 861 4259 sicut.
943 4215 970 4259 15.
987 4215 1019 4259 ll:
1038 4218 1160 4272 sequitur:

169 4279 197 4322 E:
217 4282 329 4334 carpana:
384 4295 420 4333 aa.
438 4284 468 4325 ll:
489 4286 617 4339 errignmla.
672 4284 704 4326 25.
721 4285 750 4326 lt:
770 4299 837 4338 para.
895 4283 925 4327 32,
943 4287 974 4327 ll:
995 4287 1036 4328 Sr'c
1049 4289 1117 4329 enirn.

223 4405 261 4451 17.
281 4390 358 4439 Rom.
378 4392 395 4451 I,
420 4408 456 4457 ru.
478 4407 519 4440 an.

1031 4484 1060 4528 ¹⁴
