3046 4920
208 483 278 530 car.
293 470 335 560 n]
554 491 601 543 nr
621 490 864 542 auenaarsrtn.

210 646 328 710 virtute
351 649 523 710 verborum
541 645 671 708 Domini
695 646 787 730 panis
811 646 1011 709 consumitur
1036 649 1200 730 usquead

211 749 422 815 fundamenta
445 753 478 814 in
495 772 533 814 eo
550 751 601 813 vel
615 750 833 834 corrumpitur
847 752 1026 813 secundum
1048 772 1081 813 se
1097 766 1204 814 totum

210 857 266 918 sed
282 857 396 940 pocius
414 856 598 918 melioratus
609 870 752 918 remanet
766 855 905 939 figurans
919 856 1014 919 nobis
1025 857 1202 919 secundum

210 961 424 1044 proprietates
447 959 606 1042 predictas
631 979 760 1023 sensum
786 960 958 1037 misticum,
981 960 1101 1024 scilicet
1125 960 1201 1023 alle·

184 1065 364 1148 Sgoricum,
386 1064 600 1147 anagogicum
624 1078 657 1128 et
672 1068 837 1132 moralem.
861 1066 935 1129 Non
956 1067 1041 1128 enim
1065 1063 1203 1149 pinsavit

211 1169 295 1233 Deus
330 1190 428 1232 unam
461 1184 585 1252 pastam
620 1184 862 1234 monstruosam
894 1171 1113 1234 accidencium
1147 1190 1205 1253 per

209 1294 243 1336 se
266 1274 487 1352 existentium,
512 1287 549 1337 ut
565 1289 632 1338 tam
654 1275 741 1339 varia
763 1276 796 1339 in
820 1275 942 1339 naturis
967 1275 1106 1359 figurent
1122 1274 1203 1337 veri·

210 1391 310 1442 tatem
347 1399 476 1441 summe
518 1399 628 1459 unam,
675 1400 734 1444 nec
776 1382 965 1464 epistolatus
1003 1395 1051 1443 est
1088 1379 1203 1462 aliquis

208 1484 387 1546 secundum
414 1484 502 1545 illam
525 1482 621 1546 fidem
647 1484 679 1546 in
703 1485 816 1548 azimis
836 1485 987 1564 veritatis,
1010 1485 1065 1546 sed
1091 1497 1203 1547 contra

169 1609 199 1643 ιο
212 1587 364 1652 deitatem
388 1609 424 1651 ac
448 1588 685 1652 humanitatem
710 1590 831 1653 Christi
854 1590 885 1652 in
911 1589 1070 1653 fermento
1089 1589 1203 1652 erroris

211 1692 306 1754 nimis
330 1692 440 1755 veteri.

252 1797 339 1859 Deus
355 1797 442 1859 enim
458 1818 523 1860 non
540 1814 649 1881 posset
662 1800 826 1862 destruere
841 1814 965 1863 tantam
981 1798 1201 1862 substanciam
1218 1809 1355 1872 Godcouu
1371 1821 1411 1857 nor

206 1916 329 1982 partem
364 1901 477 1965 mundi
511 1902 578 1964 sine
611 1903 912 1987 recompensatione
945 1902 1027 1966 facta
1061 1903 1200 1983 aliunde,
1219 1865 1412 1979 adhibila.

231 2004 266 2018 ..
308 2006 314 2018 .
343 2006 349 2018 .
588 2008 594 2020 .
817 2007 823 2019 .
1181 2009 1186 2020 ,
1223 1968 1367 2014 destruction
1382 1972 1408 2014 ot

208 2025 267 2067 nrsr
307 2020 425 2068 mruste
463 2005 671 2089 dampnificet
705 2009 881 2091 quamlibet
918 2023 1041 2090 partem
1076 2008 1199 2070 mundi.
1251 2021 1383 2066 substance.

167 2107 269 2171 riSed
295 2122 419 2172 constat
441 2111 530 2193 quod
553 2110 606 2172 illa
631 2111 833 2174 accidentalis
861 2111 1030 2175 existencia
1053 2111 1201 2174 humani·

207 2213 278 2275 tatis
312 2214 430 2277 Christi
470 2215 502 2277 in
542 2215 647 2278 hostia
681 2236 745 2278 non
779 2216 938 2300 equivalet
975 2216 1199 2279 bonificacioni

207 2338 305 2401 quam
329 2334 473 2383 creatura
502 2321 633 2384 haberet
657 2341 694 2383 ex
722 2323 903 2385 substancia
927 2323 1100 2400 desinente,
1129 2336 1200 2384 tum

205 2425 280 2506 quia
304 2423 452 2489 Christus
476 2439 603 2488 tantum
629 2425 787 2490 benefacit
809 2427 1006 2490 universitati
1030 2447 1098 2502 sue,
1122 2446 1200 2509 pau·

205 2530 307 2591 sando
331 2529 467 2593 limitata
490 2530 523 2602 in
547 2531 617 2593 celo
641 2547 672 2594 et
695 2534 832 2594 essendo
857 2532 1030 2595 virtualiter
1052 2532 1084 2593 in
1113 2552 1199 2594 crea·

163 2656 195 2691 ιο
205 2647 273 2697 tura
297 2655 396 2718 quam
421 2634 555 2717 perficit,
579 2651 650 2699 tum
674 2637 774 2700 eciam
798 2636 871 2721 quia
897 2637 1082 2719 blasphema
1106 2635 1198 2699 liccio

206 2737 350 2802 falsitatis
378 2741 419 2801 de
443 2741 512 2802 Deo
542 2741 596 2823 qui
625 2756 673 2805 est
696 2741 808 2804 veritas
836 2740 989 2825 effugiens
1018 2740 1197 2818 ficcionem,

204 2843 437 2926 perfectionem
466 2845 695 2909 accidentalem
723 2847 878 2909 abstrahit
905 2867 924 2908 a
951 2846 1072 2910 creatis.
1104 2846 1195 2922 Quo·

203 2951 304 3011 modo
335 2970 411 3033 ergo
440 2964 599 3014 consonat
622 2952 690 3014 Deo
719 2952 806 3015 bono
829 2953 917 3035 quod
946 2952 1013 3013 sine
1041 2951 1196 3013 demerito

202 3055 410 3137 dampnificet
435 3055 535 3117 eciam
561 3057 666 3119 bonos
690 3077 727 3119 ex
744 3057 965 3119 subtraccione
986 3054 1195 3139 perfectionis

159 3161 326 3239 25mundi,
358 3161 397 3222 de
428 3181 496 3244 quo
526 3175 618 3223 antea
641 3159 883 3244 congaudebat?
915 3160 966 3224 Sic
990 3181 1065 3242 ergo
1089 3175 1195 3243 potest

203 3263 302 3327 fidelis
319 3265 567 3349 colligerequod
585 3282 823 3329 sacramentum
834 3265 1005 3330 eukaristie
1022 3266 1060 3328 sit
1071 3265 1195 3328 realiter

201 3369 290 3449 panis
314 3384 344 3431 et
368 3370 490 3446 vinum,
514 3372 564 3433 vel
588 3371 639 3452 (ut
661 3371 712 3433 alii
737 3369 932 3455 intelligunt)
955 3385 1191 3433 sacramentum

200 3489 248 3535 est
280 3494 384 3536 unum
412 3491 619 3558 aggregatum
649 3497 687 3538 ex
715 3477 767 3538 illa
795 3477 977 3540 substancia
1006 3491 1036 3538 et
1059 3495 1191 3557 corpore

200 3576 317 3640 Christi
361 3582 411 3657 (ut
453 3580 558 3642 innuit
592 3581 794 3663 Augustinus
837 3581 884 3642 De
928 3580 1190 3650 Consecracione‚

157 3690 189 3741 30
199 3682 407 3746 distinccione
420 3687 571 3766 secunda,
584 3686 659 3747 Hoc
671 3684 732 3770 est)
739 3704 751 3762 ,·
766 3689 853 3768 quod
866 3701 972 3748 autem
983 3699 1190 3766 aggregatum

251 3969 266 4000 t.
282 3955 313 4000 C:
334 3959 456 3999 rer-boram
472 3958 569 4000 llomr'nt'
582 3960 604 4001 in
621 3971 694 4011 mara.
710 3959 753 4002 alin
770 3971 848 4002 mann.
916 3970 934 4000 2.
952 3959 983 4001 ll:
996 3959 1187 4014 sarrdanrrrttum.

197 4025 216 4068 3.
237 4027 267 4069 lt:
288 4028 370 4082 patius
389 4027 465 4072 deest:
491 4027 521 4069 ib.
542 4027 637 4070 Attuli:
660 4028 806 4071 nationum.
894 4028 912 4070 5.
934 4029 964 4072 tl:
986 4031 1145 4086 arretpogt'cum
1165 4032 1187 4072 in

197 4109 270 4149 marg.
285 4098 329 4139 alin
345 4109 427 4144 mann:
448 4098 478 4138 ib.
495 4097 525 4140 C:
544 4098 640 4151 prumia.
704 4110 728 4153 n.
744 4100 771 4141 ll:
791 4099 868 4141 rislam.
931 4112 961 4142 tn.
978 4099 1009 4141 ll:
1029 4100 1187 4143 ltrnrrr'lr‘tntcrn.

197 4178 229 4218 tu.
244 4165 276 4208 C:
292 4166 391 4208 lr'ntr'lnn·
405 4167 475 4208 deest.
532 4165 564 4209 23.
582 4167 610 4209 ti:
627 4169 682 4223 qttr'n
698 4169 755 4211 sinc.
810 4169 842 4210 25.
859 4169 888 4211 ti:
902 4174 1011 4215 atticen:
1026 4170 1056 4212 ib.
1069 4170 1098 4212 ll:
1114 4170 1186 4211 Sr'cut.

196 4247 230 4287 27.
242 4239 275 4276 εκ.
294 4235 322 4276 ll:
339 4236 375 4277 nel
389 4243 412 4277 nt
428 4261 450 4267 —
466 4249 536 4279 urrann
551 4237 621 4278 deest.
678 4236 767 4279 28-30.
779 4238 871 4281 Atreu:
889 4251 918 4280 er
932 4239 973 4279 illa
992 4262 1012 4269 —
1027 4245 1187 4294 aggregantur

195 4306 267 4346 dccxl.

250 4444 291 4498 29.
312 4433 412 4480 llccrcti
434 4433 521 4481 'l'crtia
543 4433 613 4493 Pars,
635 4434 672 4482 De
692 4433 772 4482 Cuns.
792 4436 850 4483 dist.
871 4435 899 4493 ll,
919 4449 975 4499 cap.
994 4435 1107 4484 XLVlll.

1064 4538 1080 4590 9
