3046 4920
520 1307 846 1393 PROLOGUS.

226 1528 398 1593 Sentencia
423 1544 581 1593 tractatus
597 1530 637 1591 de
655 1529 836 1592 Eularistia
861 1529 893 1591 in
916 1530 1109 1611 compendio
1126 1530 1170 1592 sic
1186 1545 1391 1591 contemnisne

180 1632 336 1698 habetur:
355 1633 546 1717 Capitulum
565 1634 709 1716 primurn
725 1632 914 1716 premittens
930 1633 1169 1696 distinccionem
1219 1600 1323 1704 erh‘iiiii
1336 1649 1352 1691 t.

182 1739 407 1802 trimembrem
436 1739 476 1801 de
504 1739 599 1800 rebus
633 1737 729 1800 huius
761 1738 951 1800 sacramenti
983 1737 1078 1801 solvit
1111 1739 1170 1800 tria

155 1856 372 1925 5argumenta
395 1843 561 1926 paganica.
595 1840 746 1905 Secundo
771 1842 880 1904 recitat
904 1842 961 1904 tria
984 1858 1176 1925 argumenta,

180 1944 326 2009 fidelium
351 1961 382 2009 et
406 1947 561 2009 dissolvit.
588 1947 628 2009 Et
652 1947 803 2029 ponendo
827 1946 1068 2009 distinctionem
1090 1948 1171 2009 inter

181 2071 274 2113 esum
286 2052 487 2133 corporalem
505 2065 537 2114 et
553 2049 753 2134 spiritualem
769 2051 869 2113 obicit
878 2051 964 2134 quod
976 2051 1074 2113 homo
1086 2052 1171 2114 videt

178 2174 298 2237 corpus
316 2152 432 2218 Christi
451 2156 482 2217 in
499 2168 700 2218 sacramento
718 2154 814 2217 oculo
831 2156 997 2236 corporali,
1017 2171 1047 2217 et
1064 2155 1169 2220 solvit.

177 2258 329 2322 Secundo
353 2258 492 2321 obicitur
516 2279 573 2342 per
598 2259 659 2321 hoc
682 2259 772 2342 quod
796 2257 889 2322 multi
907 2259 1005 2322 sancti
1022 2261 1168 2322 doctores

132 2363 381 2430 rocrediderant
398 2365 486 2446 quod
504 2365 684 2426 sensierunt
700 2384 817 2446 corpus
837 2365 967 2426 Domini
985 2365 1013 2425 in
1033 2363 1168 2426 Eukari-

177 2467 255 2544 stia;
279 2481 310 2529 et
326 2466 484 2531 solvendo
505 2483 611 2529 narrat
634 2468 803 2551 quomodo
830 2465 994 2550 finguntur
1017 2467 1168 2531 miracula

176 2585 208 2633 et
224 2572 395 2654 quomodo
412 2573 553 2655 populus
571 2593 608 2634 ex
627 2573 812 2654 ignorancia
839 2573 1068 2656 consequencie
1087 2570 1168 2634 lacte

174 2677 215 2738 de
240 2675 401 2740 miraculis
426 2691 474 2739 est
497 2678 658 2740 seductus.
695 2677 811 2739 Tercio
836 2677 1003 2739 obiciendo
1028 2697 1082 2760 per
1109 2677 1168 2739 hoc

174 2781 368 2843 miraculum
403 2796 566 2844 narratum
599 2802 617 2842 a
650 2782 743 2844 beato
778 2780 937 2862 Gregorio
969 2781 1044 2844 dicit
1077 2782 1164 2864 quod

125 2907 160 2956 ,5
174 2905 236 2967 per
259 2884 322 2947 hoc
347 2906 413 2948 non
440 2886 575 2948 docetur
597 2891 686 2968 quod
717 2886 820 2948 hostia
843 2886 883 2949 sit
907 2905 1021 2968 corpus
1045 2885 1166 2949 Christi

174 3009 235 3051 nec
263 2991 353 3073 quod
381 2991 433 3054 ille
456 2991 497 3052 de
521 3011 587 3074 quo
617 2989 747 3073 fingitur
779 2991 967 3053 miraculum
1002 3007 1168 3074 propterea

174 3092 240 3155 luit
266 3109 405 3157 sanctus.
441 3095 482 3158 Et
511 3097 630 3177 probat
657 3094 822 3177 tripliciter
853 3095 940 3179 quod
970 3095 1068 3157 homo
1097 3114 1163 3159 non

172 3199 264 3260 videt
287 3219 405 3282 corpus
428 3198 550 3263 Christi
575 3202 606 3262 in
633 3201 813 3263 Eukaristia
837 3201 933 3263 oculo
957 3199 1110 3282 corporali
1135 3216 1166 3262 et

171 3303 328 3366 discurrit
344 3324 403 3386 per
418 3304 498 3366 alios
515 3324 628 3367 sensus
652 3306 841 3368 deducendo
866 3307 904 3367 ed
930 3306 1167 3384 inconveniens,

119 3427 329 3484 2⁰concesso
362 3410 449 3492 quod
483 3428 601 3492 corpus
627 3409 761 3472 Domini
797 3409 1067 3472 sacramentaliter
1099 3429 1168 3471 sen-

171 3514 289 3575 ciatur.
326 3512 467 3576 Ulterius
496 3515 609 3597 probat
639 3514 893 3597 quadrupliciter
920 3535 957 3576 ex
981 3514 1166 3576 testimonio

170 3631 362 3680 sanctorum
379 3633 410 3681 et
425 3619 537 3700 legum
554 3618 688 3681 ecclesie
712 3619 880 3703 quomodo
904 3639 1021 3702 corpus
1036 3618 1166 3681 Domini

171 3737 282 3785 manet
297 3721 499 3785 invisibiliter
515 3722 547 3786 in
566 3724 674 3786 hostia
691 3739 883 3789 consecrata.
903 3723 1053 3786 Finaliter
1069 3723 1167 3787 obicit

170 3841 286 3889 contre
309 3828 371 3889 hoc
396 3826 563 3908 tripliciter
592 3848 648 3910 per
672 3830 757 3911 leges
782 3829 911 3892 ecclesie
934 3831 1022 3912 quod
1047 3848 1166 3911 corpus

227 4095 242 4127 t.
258 4085 387 4140 Prologus.
407 4083 496 4128 (lodda
517 4086 589 4130 deest.
604 4086 702 4130 Addidi.
756 4086 776 4131 3.
792 4086 882 4131 Cone:
901 4087 1040 4142 capitulum·
1059 4086 1089 4128 tt:
1108 4087 1166 4128 diri·

169 4155 270 4196 sinum.
312 4166 334 4210 7.
348 4154 382 4199 C:
398 4167 473 4199 ercam
487 4157 644 4211 corporalem,
685 4156 707 4199 8.
717 4157 793 4200 ADC:
810 4157 900 4201 Christi
911 4158 983 4200 deest.
1025 4155 1100 4200 mh:
1115 4168 1166 4198 scn-

169 4224 258 4274 tr'rent;
270 4224 347 4269 Aue:
361 4225 507 4277 sencinum
524 4226 556 4268 ib.
571 4225 645 4270 ADC:
662 4227 759 4270 Domitii
771 4227 833 4270 ninas
849 4226 941 4270 Cariati.
1007 4239 1032 4270 rt.
1047 4226 1079 4269 C:
1095 4226 1165 4267 mira·

169 4293 244 4343 halim
257 4294 280 4337 in
297 4306 372 4350 marg.
387 4294 432 4338 alia
446 4306 531 4338 manu:
545 4296 668 4339 miracula.
736 4307 766 4340 ra.
782 4296 872 4341 (lodda
891 4308 1009 4339 commune
1015 4296 1093 4351 sacta.
1109 4294 1166 4337 Cor·

172 4363 230 4406 resi.
286 4364 313 4408 n.
324 4363 357 4408 C:
370 4377 415 4420 per
429 4364 452 4408 in
469 4376 543 4418 mura.
558 4365 603 4407 alia
618 4377 697 4410 manu.
753 4379 782 4422 ¹7·
799 4366 831 4408 tt:
838 4367 934 4421 Jirerr't:
952 4367 983 4410 ih.
998 4366 1030 4408 lt:
1043 4365 1164 4420 protatur.

172 4445 204 4476 τι.
220 4432 251 4476 ll:
267 4434 391 4489 prolator.
446 4445 483 4486 24.
499 4432 532 4478 C:
547 4434 673 4488 tripliciter
686 4437 757 4480 deest.
