3046 4920
156 443 226 491 cnr.
240 431 305 521 vn]
502 451 548 502 nu
568 448 816 502 Eucuanrsm.

157 620 260 670 cetera
284 627 403 691 organa
429 606 661 689 inpertinencin
687 604 769 667 visui
788 605 893 667 Deum
917 619 947 666 et
969 623 1066 666 omne
1082 623 1152 666 sen-

156 709 246 774 sibile
260 713 312 773 vel
327 710 523 788 insensibile,
540 709 617 792 quia
635 709 688 770 illa
711 707 833 771 suntin
851 727 925 771 casu
941 708 1150 770 instrumenta

156 817 335 895 movencia,
360 831 396 879 ut
419 829 527 877 mente
552 812 715 895 concipiat
732 812 887 875 noscibile
902 814 991 896 quod
1015 816 1149 876 abscon·

155 921 260 985 ditum
285 936 334 985 est
357 922 397 982 ab
414 919 506 982 omni
524 918 680 982 materiali
695 917 842 996 veritate;
866 918 922 980 sed
938 917 1047 981 vident
1063 918 1150 1002 quod

130 1027 213 1089 §ista
237 1040 285 1089 est
304 1025 433 1107 argutia
450 1024 636 1107 deridenda,
660 1041 736 1085 curu
752 1021 797 1085 sic
812 1023 913 1086 dicto:
937 1021 1049 1084 Petrus
1067 1022 1151 1084 videt

154 1130 217 1193 hoc
239 1130 336 1193 oculo
360 1127 533 1212 corporali,
564 1141 694 1190 notatur
722 1128 813 1210 quod
836 1128 949 1191 oculus
978 1128 1150 1209 corporalis

153 1234 349 1298 informatur
372 1232 492 1296 virtute
515 1232 618 1294 visiva
640 1232 904 1315 apprehendente
927 1231 988 1295 hoc
1004 1252 1060 1314 per
1083 1232 1150 1294 eius

153 1340 293 1422 speciem
322 1340 514 1418 naturalem,
546 1338 718 1421 quomodo
746 1337 854 1400 solum
881 1338 981 1416 color,
1013 1337 1067 1399 lux
1099 1339 1148 1399 vel

152 1443 221 1505 eius
237 1442 419 1504 subiectum
437 1456 493 1505 aut
511 1443 631 1504 horum
648 1440 790 1524 privacio
805 1440 942 1517 videtur,
965 1441 1047 1504 sicut
1062 1457 1148 1524 patet

113 1546 350 1630 rophilosopho
373 1545 518 1610 noscenti
543 1545 663 1609 limites
688 1545 830 1612 visionis.

195 1651 343 1714 Secunda
366 1651 526 1715 maneries
542 1651 677 1714 visionis
692 1664 825 1714 vocatur
846 1651 928 1713 visio
950 1650 1146 1734 ymaginarie
1168 1668 1187 1700 ²-
1203 1658 1357 1721 rmagvnnne.

152 1774 215 1837 que
239 1769 287 1818 est
311 1756 393 1819 visio
417 1776 481 1838 qua
505 1756 686 1819 secundum
716 1756 868 1819 virtutem
896 1757 1145 1841 ymaginativam
1183 1709 1245 1825 lilii,
1258 1713 1338 1823 iiiiii

151 1875 198 1922 est
214 1861 339 1923 visibile
356 1858 533 1924 formaliter
548 1860 805 1943 apprehensum3
828 1875 859 1922 et
874 1859 976 1923 differt
991 1881 1009 1922 a
1026 1860 1147 1923 visione
1226 1817 1296 1872 ”m

151 1964 248 2047 priori
272 1966 306 2027 in
330 1966 449 2028 tribus:
476 1966 584 2029 Primo
610 1967 642 2028 in
667 1966 729 2028 hoc
745 1965 834 2048 quod
857 1965 964 2027 omnis
981 1965 1060 2026 visio
1078 1984 1144 2028 cor·
1167 1973 1231 2069 “ng
1240 1975 1358 2071 aapsrglffiiun

112 2070 270 2151 r5poralis
294 2070 362 2132 sive
386 2085 585 2152 perrectum
612 2069 822 2133 intuiciouem
846 2069 911 2131 sive
930 2088 986 2151 per
1001 2068 1143 2132 reflexio·
1214 2078 1304 2135 stringi,

152 2194 226 2236 nem
249 2175 316 2238 sive
333 2194 390 2256 per
407 2172 639 2238 reiraccionem
658 2172 695 2237 fit
712 2193 768 2256 per
784 2172 1014 2237 limitacionem
1030 2173 1145 2256 speciei

150 2280 307 2361 presentis
339 2278 472 2342 visibilis
504 2279 537 2341 in
571 2299 695 2362 organo
724 2298 837 2342 sensus
866 2278 966 2357 visus3
1001 2297 1065 2340 non
1101 2278 1144 2340 sic

149 2399 257 2446 autem
281 2384 361 2446 visio
385 2386 595 2468 ymaginarie,
624 2404 698 2447 curn
728 2403 804 2467 sepe
827 2381 863 2446 fir
895 2384 927 2446 in
950 2384 1065 2447 obiecti
1089 2385 1143 2446 ab·

149 2489 264 2551 sencia.

108 2608 140 2643 20
193 2593 339 2657 Secunda
364 2593 549 2656 differencia
575 2595 725 2676 estquod
742 2594 824 2659 visio
848 2595 1021 2679 corporalis
1038 2596 1142 2658 solum
1171 2599 1346 2707 alfilgffiilss·

149 2697 230 2760 inest
253 2697 374 2760 videnti
398 2700 483 2760 dum'
501 2699 623 2780 vigilat,
658 2701 713 2762 sed
742 2699 822 2762 visio
844 2700 1039 2783 ymaginarie
1063 2699 1144 2762 inest
1341 2686 1346 2703 ’

149 2819 212 2865 tarn
247 2804 421 2866 dormienti
450 2824 551 2887 quam
580 2804 679 2888 vigili,
714 2824 790 2866 nam
823 2805 855 2866 in
884 2804 1028 2888 sompnis
1062 2803 1143 2868 fiunt

148 2928 341 2992 quecunque
357 2909 511 2991 sompnia
527 2909 559 2971 in
578 2910 700 2971 visione
717 2909 926 2993 ymaginarie,
942 2909 1025 2972 sicut
1042 2913 1142 2974 multe

147 3013 319 3096 prophecie
354 3013 528 3096 inperfecte
561 3013 643 3076 fiunt
675 3013 707 3074 in
743 3014 829 3096 vigili
870 3035 928 3096 per
963 3014 1139 3077 misterium

103 3112 135 3163 ²5
148 3118 279 3181 visionis
294 3118 505 3202 ymaginarie,
531 3134 567 3180 ut
591 3133 680 3201 patet
702 3119 735 3180 in
752 3118 886 3181 Daniele
902 3118 956 3202 qui
979 3133 1044 3181 tam
1066 3120 1140 3201 vigil

145 3242 243 3306 quarn
273 3223 438 3286 dormiens
467 3223 547 3285 vidit
575 3225 699 3286 visione
727 3223 926 3307 ymaginarie
952 3223 1140 3306 sompnium

145 3327 448 3390 Nabuchodonosor
483 3344 515 3391 et
547 3350 604 3411 per
638 3330 699 3391 hoc
731 3329 810 3391 vidit
843 3329 1026 3412 prophetice
1059 3331 1139 3392 ultra

145 3453 252 3512 regern
277 3434 582 3516 interpretacionem
607 3433 761 3516 sompnii,
786 3449 821 3496 ut
845 3449 930 3516 patet
947 3435 1068 3499 Daniel.
1085 3436 1137 3500 110.

187 3537 306 3600 Tercio
330 3538 481 3600 differunt
505 3539 537 3600 in
562 3539 624 3600 hoc
649 3540 740 3621 quod
768 3539 849 3602 visio
872 3540 1069 3622 ymaginaria
1092 3557 1138 3604 est
1161 3555 1181 3607 c)
1197 3555 1347 3615 rnlappryrng

100 3634 210 3704 3⁰tam
234 3643 344 3725 quoad
370 3642 537 3705 obiectum
561 3664 659 3726 quarn
687 3659 814 3726 tempus
835 3643 956 3706 visione
980 3646 1137 3727 corporali
1163 3607 1343 3714 ¹30¹ll¹1⁸31¹r¹li¹

142 3750 309 3809 extensior.
335 3748 440 3810 Nemo
465 3750 550 3809 enirn
569 3749 655 3809 videt
681 3749 888 3829 corporaliter
912 3748 969 3810 nisi
995 3751 1135 3811 colorem

141 3868 195 3913 aut
221 3854 325 3914 lucem
351 3868 532 3933 presentem
560 3856 611 3914 vel
640 3854 820 3916 subiectum
849 3871 903 3916 aut
933 3873 1044 3916 eorum
1075 3856 1135 3936 pri·

192 4124 216 4160 4·
232 4109 263 4154 C:
283 4110 354 4154 videt.
423 4111 441 4154 5.
458 4111 490 4155 D:
511 4112 572 4155 dico.
649 4125 676 4156 rr.
692 4113 725 4157 C:
744 4112 854 4155 Secunda
868 4112 891 4155 in
908 4123 981 4166 marg.
997 4113 1040 4155 aliu
1056 4123 1133 4156 manu.

141 4190 170 4222 rs.
194 4179 267 4223 ABE:
296 4192 342 4236 que
363 4180 495 4224 secundum.
606 4182 639 4226 16.
665 4183 696 4226 D:
724 4183 775 4225 sive
795 4195 838 4235 per
862 4181 1035 4237 resrnccr'orrenr
1063 4184 1133 4225 deest,

141 4258 170 4300 17.
186 4248 219 4292 D:
234 4250 356 4293 sensibilis.
406 4261 442 4299 ss.
454 4251 506 4294 DE:
522 4253 611 4309 vigile,-
625 4253 656 4296 ib.
668 4252 700 4296 D:
716 4252 876 4294 ministeriam.
925 4250 961 4293 26.
977 4250 1008 4294 D:
1024 4251 1134 4295 ru'rr'onem

139 4321 314 4375 imaginarium.
358 4331 391 4374 πῖ.
404 4321 435 4364 D:
447 4328 469 4364 et
475 4322 619 4377 philosopho
631 4323 702 4371 vidit:
719 4323 748 4364 ib.
761 4321 792 4365 C:
809 4322 871 4364 ultro
882 4322 904 4365 in
916 4333 989 4376 marg.
1001 4322 1043 4364 alin
1055 4335 1131 4366 rrranu.

138 4388 173 4432 28.
189 4388 221 4432 D:
241 4390 462 4445 interpretaciones.
519 4391 589 4446 29.C
621 4392 678 4447 quia
693 4393 759 4433 visio.
