3046 4920
136 403 205 450 ear».
220 393 273 481 nn]
474 409 520 458 nn
540 405 785 458 auennnrsnn.
1279 396 1338 468 ²9³

136 565 302 652 evangelio
325 566 413 649 quod
438 566 676 627 demonstratur
698 561 800 646 panis,
830 583 904 627 cnm
928 563 1017 626 aliter
1040 561 1123 626 foret

136 670 263 734 locucio
296 670 348 733 illa
377 667 583 752 inpertinens.
619 665 774 730 Admisso
806 687 881 751 ergo
909 668 997 752 quod
1032 666 1122 751 panis
1137 679 1256 737 Ftrzrupn
1272 681 1337 737 gives

135 775 374 837 demonstratur
395 773 428 834 in
440 770 669 854 proposicione
684 771 737 834 illa
753 774 954 836 conversiva:
979 773 1055 835 Hoc
1074 783 1122 836 est
1150 734 1327 882 mei'iiriidmvn.

133 897 253 962 corpus
280 896 396 956 rneum,
430 876 633 940 manifestum
662 888 709 939 est
737 876 827 959 quod
855 877 1023 960 supposita
1054 877 1122 939 eius
1199 838 1253 882 Μ

107 987 121 1041 5
133 981 264 1046 veritate
275 981 421 1065 sequitur
431 1001 550 1065 panem
563 1000 729 1044 remanere
739 992 814 1063 post
829 980 1122 1061 consecracionem3

133 1107 207 1150 nam
231 1099 306 1170 post
329 1085 608 1150 consecracionem
636 1098 684 1149 est
706 1104 817 1149 verum
841 1086 931 1170 qnod
954 1083 1005 1147 ille
1029 1085 1122 1168 panis

132 1204 180 1255 est
203 1210 320 1274 corpus
335 1188 467 1270 Christi,
492 1203 523 1253 et
546 1190 571 1253 si
595 1189 640 1252 sic
664 1189 714 1253 ille
738 1189 830 1273 panis
853 1206 900 1254 est
922 1190 1023 1275 panis,
1046 1190 1121 1253 ideo

132 1309 206 1379 post
220 1297 501 1360 consecracionem
514 1308 657 1359 remanet
672 1296 762 1378 qnod
779 1295 831 1361 ille
847 1296 939 1380 panis
955 1309 1003 1359 est
1017 1296 1120 1379 panis.

132 1399 351 1466 Confirmatur
381 1420 419 1463 ex
450 1401 513 1464 hoc
546 1401 635 1484 qnod
665 1399 813 1465 Christus
845 1400 1016 1465 inmediate
1048 1414 1121 1464 ante

91 1531 122 1566 ro
131 1504 290 1568 benedixit
306 1504 350 1568 illi
367 1506 441 1588 pani
458 1524 554 1590 quem
573 1504 737 1568 mandavit
751 1504 791 1569 ab
807 1503 964 1588 apostolis
981 1504 1119 1586 comedi,

131 1609 220 1694 quod
252 1630 317 1673 non
350 1624 398 1673 est
428 1610 557 1692 signum
591 1608 762 1673 desicionis
792 1610 884 1693 panis
917 1609 972 1673 sed
1006 1609 1119 1693 pocius

131 1697 375 1779 melioracionis.
400 1715 484 1778 Nam
505 1714 532 1777 si
556 1714 608 1777 ille
624 1713 715 1798 panis
731 1713 918 1779 benedictus
940 1714 1118 1777 secundum
1156 1725 1312 1770 triremem

1146 1779 1228 1822 ceased
1245 1786 1269 1823 to
1285 1779 1321 1833 be,

130 1838 164 1882 se
191 1832 296 1882 totum
325 1820 516 1901 destruatur,
550 1819 603 1882 illa
635 1817 820 1883 benediccio
852 1817 934 1883 foret
960 1819 1119 1882 crudelior
1129 1829 1338 1929 Cliffssidbissgssissss

129 1922 195 1986 sive
218 1923 354 1988 severior
377 1944 476 2008 qnam
499 1921 686 1988 malediccio
703 1943 768 2010 qna
784 1922 931 1988 Christus
955 1922 1118 1987 maledixit
1128 1948 1273 2032 mappa
1284 1989 1338 2032 nan

89 2027 214 2108 rsficui,
255 2029 353 2093 Math.
384 2029 484 2109 xxu,
518 2029 592 2113 qnia
625 2044 700 2113 post
731 2029 995 2093 malediccionem
1029 2027 1339 2150 ficnssttlpgpirpppcsxrvnacse

128 2134 309 2198 substancia
326 2134 394 2199 eius
411 2135 563 2199 remansit
578 2135 677 2216 arida,
692 2134 745 2199 hic
760 2151 871 2200 autem
887 2134 1004 2198 dicitur
1019 2134 1116 2197 nichil
1158 2153 1302 2243 mappam

129 2239 168 2301 de
184 2239 277 2323 panis
301 2239 482 2303 substancia
506 2260 668 2305 remanere
692 2253 723 2305 et
744 2239 913 2305 conversio
928 2239 1026 2303 nichil
1045 2237 1119 2302 lacit
1306 2231 1311 2241 ’

131 2345 172 2408 ad
196 2345 373 2408 bonitatem
402 2347 495 2430 panis
523 2346 590 2409 sive
619 2365 675 2409 sue
704 2345 854 2410 essencie.
887 2346 953 2408 Nec
982 2345 1118 2408 dubium

128 2449 208 2535 quin
232 2449 378 2515 Christus
400 2471 467 2513 non
490 2451 655 2514 mandavit
678 2450 744 2515 suis
767 2452 961 2514 manducare
985 2471 1023 2512 ex
1047 2450 1118 2532 hoc,

85 2577 117 2612 20
128 2555 187 2619 nisi
198 2570 271 2639 post
281 2556 348 2619 eius
364 2556 654 2637 consecracionem,
671 2570 703 2619 et
717 2576 775 2640 per
790 2554 1118 2640 consequensVeritas

127 2680 190 2746 qne
216 2675 342 2725 tantum
359 2660 459 2724 odivit
475 2661 696 2744 duplicitatem
712 2660 919 2745 sophisticam
938 2659 1039 2724 voluit
1056 2660 1118 2722 hoc

134 2787 295 2829 remanere
317 2781 389 2850 post
411 2767 690 2830 consecracionem
713 2780 745 2830 et
767 2764 959 2829 fractionem
980 2767 1020 2829 ab
1042 2786 1118 2849 apo·

132 2872 221 2936 stolis
253 2873 498 2936 comedendum.
532 2871 582 2934 llli
614 2891 687 2955 ergo
711 2871 767 2956 qui
795 2873 925 2936 horrent
953 2870 1117 2935 veritatem

130 2978 287 3061 scripture
315 2991 347 3041 et
374 2977 419 3040 illi
446 2978 501 3059 qui
530 2977 634 3060 ipsam
662 2976 800 3060 diligunt
828 2992 996 3061 tamquam
1019 2975 1118 3040 fidem

86 3089 117 3141 25
129 3083 374 3147 sollicitarentur
406 3082 487 3145 circa
516 3102 647 3145 sensum
675 3082 874 3145 katholicum
902 3081 998 3145 huius
1030 3082 1117 3166 prin·

128 3188 210 3271 cipii.
237 3189 330 3254 Unde
355 3187 450 3250 nimis
474 3188 610 3270 longum
626 3208 644 3249 a
661 3188 790 3250 veritate
814 3187 970 3271 scripture
992 3186 1118 3251 videtur

129 3294 224 3357 michi
248 3294 419 3357 concedere
442 3292 777 3377 ydemprificacionem
799 3294 846 3357 vel
870 3291 1116 3377 inpanacionem

128 3420 225 3484 quarn
249 3398 644 3463 transsubstanciacionem
663 3397 840 3480 predictam
858 3411 889 3461 et
903 3398 1116 3483 propinquius

128 3506 220 3589 loyce
248 3522 441 3585 sanctorum,
473 3525 558 3589 quos
592 3524 656 3566 non
684 3505 757 3568 licet
788 3504 1000 3566 scandalizare
1027 3505 1116 3588 quod

86 3611 318 3695 loignorarunt
341 3610 480 3693 logicam
508 3609 704 3673 seminantes
735 3610 828 3672 verba
858 3609 1006 3689 heretica,
1040 3631 1114 3673 curn

130 3717 188 3798 ipsi
213 3716 391 3799 loquuntur
422 3715 577 3797 scripture
605 3715 740 3779 similius
769 3735 827 3777 nec
855 3714 959 3777 sciunt
983 3714 1115 3777 fundare

129 3824 267 3904 glossam
292 3842 388 3904 quam
413 3821 455 3881 illi
481 3820 616 3902 fingunt.

174 3928 291 4003 Quoad
317 3926 450 3988 tercium
475 3928 608 3987 verbnm
632 3940 717 4007 patet
747 3927 834 4008 qnod
866 3926 1035 3987 adversarii
1062 3927 1114 3986 de·

129 4046 255 4094 struunt
281 4032 471 4092 mendaciter
499 4030 708 4092 devocionem
740 4031 861 4111 populi,
897 4051 969 4090 cnm
1004 4031 1114 4092 dicunt

181 4318 196 4349 1.
214 4306 391 4349 [numanum.
446 4304 597 4359 astroque
649 4304 804 4359 5.D:panr's.
861 4304 1113 4347 nitharidadeesr.

129 4381 243 4432 cupam
260 4375 334 4420 ABC:
351 4376 427 4430 prius.
484 4372 561 4417 nn:
580 4374 696 4428 scrapture
702 4375 810 4430 funibus.
865 4373 898 4417 32.
915 4373 943 4417 E:
965 4375 1020 4417 r'llt's.
