3046 4920
674 418 844 473 ιοιιιιιιιιε
861 416 1002 471 wrcen
1185 396 1269 487 [ese.
1283 414 1337 461 vn.

351 576 530 643 intellectus
552 576 758 661 appropriate
772 574 896 663 spiritui
918 576 1080 641 elaborent
1102 594 1120 637 r
1144 572 1201 637 teli
1217 574 1336 637 noticia

350 680 513 747 sensitiro.
535 680 601 745 Sed
621 700 712 747 secus
730 682 831 747 estde
850 680 973 745 risione
995 676 1147 759 hominis,
1170 696 1246 741 curn
1268 676 1337 763 ipse

350 784 393 849 sit
414 784 572 850 reeliter
562 804 670 869 ipsum
692 806 844 871 corpus.

394 887 460 953 Sed
474 902 588 975 qusno
603 888 785 955 obicitur
761 902 820 953 erc:
843 888 954 953 llonro
968 888 1054 954 ridet
1068 886 1229 971 angelum,
1253 886 1337 953 sicut

147 1010 168 1056 n
180 1009 201 1055 ιι
215 1007 323 1105 oblecter
350 1005 479 1077 oportet
500 992 673 1057 concedere
691 1012 730 1057 ex
749 990 813 1057 lide
831 990 999 1077 scripture,
1022 1006 1055 1055 et
1080 990 1124 1055 in
1146 989 1363 1055 ebnondttss

134 1060 277 1170 semeth
270 1066 337 1208 dves
350 1110 400 1163 est
414 1112 528 1161 nesure
542 1094 670 1180 engeli'
661 1116 694 1159 in
710 1096 765 1160 illo
780 1114 914 1179 corpore
928 1111 1106 1179 resumpto,
1122 1094 1205 1160 sicut
1219 1114 1337 1180 corpus

151 1163 320 1315 ἷῗιῗιῗῗῖιιι
351 1198 497 1267 Christi
487 1220 521 1263 tn
536 1198 640 1264 hostie
654 1214 847 1279 consecrem,
869 1217 945 1283 ergo
959 1198 1116 1286 peridem
1131 1198 1233 1264 homo
1249 1198 1338 1264 ridet

142 1226 360 1380 ωιῖἰιιγῦἕιῖιῗο
348 1324 385 1369 rn
406 1302 514 1369 hortis
534 1302 722 1370 sensibiliter
743 1323 860 1389 corpus
882 1302 1013 1371 Christi
1036 1304 1104 1369 Nec
1125 1302 1212 1369 velet
1232 1302 1337 1369 dicere

350 1407 440 1493 quod
463 1406 564 1472 honio
585 1407 674 1473 ridet
699 1428 816 1493 corpus
838 1411 933 1475 oculo
961 1410 1104 1495 corporis
1125 1422 1158 1475 et
1183 1408 1334 1493 angelum

349 1510 456 1577 tolum
466 1512 562 1577 oculo
572 1510 697 1597 mentis,
709 1512 784 1599 quin
793 1528 871 1579 tunc
879 1512 958 1577 lelss
967 1512 1049 1579 foret
1057 1511 1212 1597 scripture
1217 1508 1334 1579 Gener.
1348 1532 1382 1571 ro

348 1616 515 1699 xvltl⁰‚e
538 1618 738 1683 ubidicitur:
762 1616 841 1683 Cum
855 1618 1022 1683 Abrnlenm
1042 1618 1199 1685 elevasset
1211 1616 1335 1697 oculos,

349 1732 577 1809 apparuerunt
596 1723 628 1788 ei
647 1722 792 1789 tresviri
809 1732 933 1789 stantes
948 1725 1042 1789 iuxta
1056 1743 1132 1789 eum
1136 1741 1150 1803 ;
1162 1742 1244 1811 quos
1258 1743 1334 1789 eum

347 1826 489 1911 uidisset,
510 1828 658 1891 cucurrit
678 1828 713 1891 in
734 1844 904 1891 occursum
925 1844 1058 1909 eorum,·
1079 1826 1133 1892 ubi
1153 1842 1270 1893 notum
1285 1842 1334 1893 est

350 1931 441 2017 quod
455 1930 601 2017 loquitur
614 1930 655 1995 de
668 1928 791 1995 risione
806 1928 890 1995 oculi
914 1930 1100 2015 corporalis.
1124 1932 1218 1997 Unde
1233 1932 1333 1997 Num.

348 2033 465 2118 xxttr,
482 2052 525 2117 ²4
542 2034 658 2099 dicitur
671 2035 761 2120 quod
778 2033 867 2099 seins
882 2034 1010 2100 Belurnr
1034 2034 1112 2101 vidit
1129 2036 1283 2123 angelum
1297 2037 1334 2102 in
1346 2036 1379 2093 ¹⁵

349 2140 514 2225 angustiis
528 2138 671 2205 duarum
686 2140 918 2221 maceriarum,
940 2138 995 2203 ubi
1010 2148 1097 2225 petet
1111 2140 1201 2224 quod
1215 2140 1334 2205 intelli·

349 2243 437 2327 gitur
450 2245 557 2309 solum
571 2242 742 2309 derisione
756 2242 915 2325 sentitiis,
931 2263 1006 2309 curn
1021 2243 1128 2309 erinus
1139 2264 1205 2308 non
1219 2242 1335 2309 hebuit

348 2347 558 2417 intellectum.
580 2346 623 2415 Et
643 2346 729 2413 idem
749 2363 836 2433 petet
856 2368 1002 2432 expiem
1022 2348 1124 2414 ludit.
1139 2348 1240 2429 Xlll⁰,
1258 2368 1276 2433 3
1293 2348 1334 2413 de

350 2452 534 2537 perentibus
557 2452 745 2538 sampsonis
770 2452 860 2538 qnod
886 2452 1038 2517 viderunt
1062 2452 1215 2538 angelum
1236 2452 1334 2517 oculo

350 2557 518 2642 corporali.
540 2558 633 2623 lustr
647 2577 745 2645 quern
760 2556 895 2621 modum
909 2557 1061 2642 loquendi
1077 2556 1222 2643 loquitur
1236 2577 1332 2622 even·
1344 2574 1380 2613 20

349 2663 482 2749 geliutn.
502 2663 585 2727 Num
597 2662 696 2727 Metti.
707 2660 897 2745 xxv1110,3
915 2661 1031 2725 dicitur
1046 2663 1084 2725 de
1100 2662 1227 2746 angelo:
1248 2662 1334 2725 Erat

350 2778 458 2832 autem
480 2776 629 2850 aspectus
651 2768 720 2829 cius
740 2767 823 2830 sicut
841 2764 981 2852 fulgur,
1003 2778 1033 2830 ct
1056 2766 1240 2831 uestimenta
1263 2768 1333 2831 eius

349 2874 434 2937 sicut
443 2872 510 2938 nix.
525 2872 564 2935 Et
573 2871 668 2934 Marc.
679 2870 777 2950 xv10‚
791 2871 806 2932 5
819 2872 857 2934 de
868 2872 983 2935 eodem
994 2871 1107 2955 angelo
1117 2870 1233 2935 dicitur
1243 2872 1332 2955 quod

350 2977 505 3041 mulieres
527 2978 720 3039 introeuntes
742 2977 774 3038 in
798 2985 1040 3039 monumentum
1070 2975 1221 3039 uiderunt
1243 2994 1334 3038 revo-

352 3082 456 3145 lutum
480 3080 616 3163 lapidem
640 3089 672 3143 et
692 3080 835 3143 iuuenem
858 3079 1020 3144 sedentem
1048 3082 1081 3143 in
1110 3079 1237 3143 dextris
1260 3083 1379 3142 coo-25

345 3198 481 3271 pertum
504 3186 588 3250 stola
610 3184 758 3248 condida.
780 3184 842 3248 Hic
865 3200 897 3248 et
919 3184 952 3247 in
976 3185 1132 3270 quotlibet
1160 3184 1240 3249 locis
1263 3185 1333 3249 aliis

351 3305 439 3376 patet
463 3292 550 3375 quod
573 3289 714 3373 loquitur
741 3290 781 3351 de
802 3291 924 3352 visione
948 3309 1109 3373 corporee.
1145 3288 1231 3354 Cum
1254 3311 1333 3373 ergo

352 3417 416 3459 non
441 3397 482 3459 sit
499 3395 578 3479 phas
594 3393 678 3458 fideli
702 3415 816 3477 negare
838 3394 1134 3478 istamscripturem
1157 3417 1215 3459 nec
1240 3416 1331 3481 argu·

350 3517 498 3565 mentum
521 3514 649 3584 captum
673 3502 713 3562 eb
736 3521 771 3563 ea
788 3520 844 3582 per
866 3499 972 3562 locum
998 3522 1015 3561 a
1039 3500 1200 3584 completa
1223 3501 1333 3564 simili-

351 3606 473 3686 tudine,
498 3605 622 3669 videtur
643 3607 730 3690 quod
752 3605 778 3666 si
802 3604 900 3666 homo
924 3619 1029 3688 potest
1055 3604 1158 3667 videre
1181 3606 1380 3689 angelum30

350 3711 406 3796 qui
430 3725 478 3775 est
501 3711 635 3774 omnino
659 3709 824 3773 invisibilis
846 3709 878 3771 in
902 3730 958 3772 sue
976 3726 1086 3773 natura
1102 3730 1159 3793 per
1175 3710 1333 3773 visionem

352 3815 496 3902 corporis
519 3814 815 3898 contingentissime
831 3815 889 3878 sibi
907 3815 1083 3896 coniuncti;
1106 3815 1209 3878 multo
1232 3816 1333 3900 magis

402 4093 426 4138 6.
440 4091 472 4137 E:
490 4095 616 4148 assumpta.
707 4091 729 4137 8.
744 4091 776 4135 D:
796 4089 843 4135 Nec
855 4096 956 4147 oportet.
1050 4104 1081 4137 ιο.
1095 4091 1130 4137 n:
1140 4092 1240 4149 fnestra
1250 4091 1333 4149 soret.

350 4161 380 4210 ιλ
391 4160 818 4215 ΕιΕιιιοιιιικ;ΑΒ(Ζῦεἱὺὶιιοιιιιι.
868 4160 1095 4207 sindwaldum
1145 4160 1333 4208 romanarum

349 4234 449 4278 murum.
530 4233 562 4287 ni,
581 4243 612 4288 ιγ.
630 4230 661 4276 E:
680 4230 789 4287 toqunur.
868 4241 899 4275 tr.
919 4230 951 4276 C:
971 4228 1031 4275 Nem
1050 4231 1074 4276 in
1093 4243 1166 4288 marg.
1187 4231 1232 4276 elia
1253 4243 1332 4276 menn.

350 4315 387 4349 ιι.
401 4303 432 4347 E:
451 4307 568 4356 tamquam
579 4301 678 4359 fulgur·
741 4299 773 4345 25.
788 4299 883 4346 ABCD:
902 4306 926 4344 et
943 4301 1017 4351 decen
1037 4301 1067 4345 io.
1086 4300 1182 4346 Anco:
1201 4312 1217 4344 a
1235 4301 1332 4344 dextris.

351 4384 387 4430 ²9·
402 4371 434 4417 C:
453 4373 484 4416 ab
497 4383 527 4415 ea
542 4395 563 4404 -
579 4372 653 4415 locum
667 4371 690 4415 in
706 4383 778 4427 marg.
793 4371 837 4415 elia
851 4382 929 4415 rnrnu.
