3046 4920
132 1171 237 1225 Chapter
251 1171 279 1214 ll.

665 481 708 531 nt.
728 480 960 532 Ettcflnutstttt

323 635 450 697 Domini
476 651 522 697 est
546 637 586 697 ibi
612 636 767 698 sensibile.
796 637 837 699 Et
860 637 1016 719 dissolvit,
1040 637 1145 719 primo
1170 657 1227 717 per
1251 638 1304 698 de·

321 755 444 802 cretum
467 760 548 822 pape
572 740 737 823 quomodo
761 742 919 819 agendum
945 755 994 803 est
1021 739 1122 802 effuso
1151 739 1306 822 sanguine

321 845 360 904 de
393 845 497 918 calice,
536 843 676 905 secundo
709 862 765 924 per
797 843 1029 907 confessionem
1059 843 1243 925 Beringarii,
1276 858 1307 906 et

322 948 418 1011 tercio
441 968 496 1030 per
519 949 682 1009 decretum
696 946 863 1024 leronimi3
887 962 918 1010 et
940 948 1036 1010 solvit
1059 969 1118 1031 per
1140 947 1306 1030 duplicem

322 1051 494 1113 maneriem
517 1049 711 1132 predicandi.
1320 1054 1334 1105 5

366 1153 551 1236 Capitulum
578 1154 755 1215 secundum
785 1167 892 1215 narrat
919 1152 1078 1235 triplicem
1108 1156 1306 1217 sentenciam

320 1260 360 1320 de
383 1258 559 1341 quidditate
582 1258 683 1319 hostie
706 1271 900 1339 consecrate,
928 1277 1068 1340 quarum
1096 1260 1199 1340 prima
1229 1260 1307 1320 dicit

320 1364 407 1445 quod
441 1376 487 1425 est
519 1362 688 1444 quantitas,
722 1363 861 1423 secunda
894 1361 980 1444 quod
1013 1375 1062 1424 est
1092 1362 1242 1444 qualitas,
1276 1377 1308 1424 et

321 1467 417 1529 tercia
440 1468 527 1550 quod
551 1483 598 1528 est
621 1467 710 1549 panis
734 1480 765 1529 et
787 1466 908 1530 vinum.
932 1465 974 1527 Et
996 1466 1168 1528 obiciendo
1193 1480 1306 1528 contra

320 1572 399 1633 duas
431 1571 550 1653 priores
582 1572 747 1654 quomodo
779 1592 812 1633 se
846 1571 929 1653 ipsas
963 1569 1133 1633 destruunt
1166 1570 1308 1632 declarat
1323 1589 1351 1623 ¹0

321 1675 485 1759 tripliciter
521 1677 688 1759 quomodo
725 1675 822 1738 tercia
861 1674 920 1737 luit
959 1677 1120 1738 sentencia
1159 1675 1307 1737 Romane

320 1777 460 1843 ecclesie.
496 1780 602 1856 Quam
635 1778 801 1844 confirmat
834 1780 999 1863 tripliciter
1033 1800 1129 1863 supra
1164 1779 1306 1862 priorem

320 1885 515 1947 sentenciam
553 1884 584 1945 in
623 1884 683 1945 hoc
721 1885 809 1967 quod
848 1885 919 1967 plus
957 1884 1131 1947 concordat
1169 1883 1303 1962 racioni,

320 1989 434 2051 sanctis
458 1989 642 2050 doctoribus
665 2002 696 2051 et
719 1991 888 2070 scripture;
911 1991 951 2051 de
974 1987 1090 2050 sanctis
1114 1988 1306 2050 doctoribus

320 2093 436 2174 allegat
454 2093 566 2175 triplex
582 2092 800 2156 testimonium
818 2093 961 2175 positum
977 2092 1008 2155 in
1027 2095 1173 2155 decretis.
1192 2093 1351 2169 Quen-15

322 2213 391 2259 tum
414 2198 453 2259 ad
478 2197 697 2260 testimonium
721 2197 877 2280 scripture
902 2212 993 2261 notat
1017 2219 1069 2260 sex
1094 2199 1163 2261 loca
1188 2197 1219 2258 in
1237 2196 1306 2280 qui·

320 2303 380 2363 bus
396 2299 431 2362 fit
448 2301 571 2363 mencio
588 2303 626 2362 de
642 2301 703 2363 hoc
719 2316 929 2365 sacramento.
956 2301 989 2363 ln
1006 2322 1148 2384 quorum
1164 2315 1307 2385 quatuor

322 2405 357 2469 sit
381 2407 508 2467 mencio
531 2407 571 2467 de
594 2405 660 2468 eius
685 2405 904 2486 institucione;
929 2420 959 2469 et
974 2408 1019 2468 sic
1036 2407 1197 2468 concludit
1215 2407 1304 2487 quod

321 2511 481 2571 decretum
517 2509 646 2571 ecclesie
669 2509 700 2570 in
727 2510 909 2591 Beringario
943 2524 989 2572 est
1021 2510 1209 2572 tenendum.
1242 2509 1304 2571 Sed

320 2613 417 2675 obicit
442 2633 498 2696 per
522 2613 593 2691 hoc,
617 2614 720 2696 primo
744 2616 830 2697 quod
856 2615 979 2677 videtur
1001 2613 1124 2676 dictum
1140 2615 1305 2675 decretum
1318 2633 1351 2668 πο

321 2718 535 2779 contradicere
553 2717 611 2778 sibi
628 2718 703 2798 ipsi;
725 2733 754 2779 et
771 2718 913 2780 dissolvit
931 2731 1045 2780 notans
1063 2717 1304 2780 distinccionem

322 2821 401 2883 inter
425 2822 677 2903 predicacionem
701 2823 916 2903 ydempticam
940 2835 971 2883 et
994 2822 1162 2904 tropicam,
1187 2822 1218 2882 in
1237 2841 1305 2904 quo

321 2927 451 3006 exponit
487 2939 607 2987 textum
642 2928 784 3006 Apostoli
821 2927 840 2989 l.
870 2925 943 2990 Cor.
972 2927 1029 3002 X⁰‚
1060 2927 1106 3003 16,
1141 2927 1305 2986 declarans

321 3031 407 3111 quod
426 3029 491 3112 ipse
508 3044 601 3090 vocat
622 3030 684 3090 hoc
707 3045 942 3091 sacramentum
961 3049 1082 3110 panem
1107 3040 1136 3092 et
1158 3031 1307 3104 calicem,·

320 3135 463 3194 secundo
491 3134 589 3194 obicit
616 3153 672 3215 per
697 3134 755 3194 hoc
780 3135 867 3216 quod
891 3135 1017 3196 videtur
1041 3154 1156 3215 corpus
1182 3133 1302 3197 Christi
1319 3144 1351 3192 25

321 3238 435 3298 debere
459 3257 542 3298 nunc
567 3238 672 3298 vocari
702 3258 817 3319 panem
842 3253 872 3299 et
895 3236 1017 3314 vinum,
1047 3258 1121 3300 cum
1145 3239 1303 3319 scriptura

319 3361 407 3402 sacra
424 3343 467 3402 sic
486 3340 637 3423 loquitur.
662 3342 703 3403 Et
726 3343 820 3403 solvit
843 3362 966 3422 ponens
991 3343 1092 3423 primo
1117 3343 1302 3423 exemplum

320 3446 358 3505 de
393 3446 493 3526 logica
522 3444 604 3506 beati
629 3445 802 3506 Bernhardi
832 3447 1035 3507 concedentis
1068 3447 1156 3528 quod
1187 3466 1303 3507 manus

320 3550 436 3631 quibus
452 3551 535 3610 Deus
557 3547 705 3611 formavit
729 3551 831 3611 celum
857 3564 887 3611 et
909 3564 1027 3611 terram
1052 3550 1182 3612 luerunt
1200 3551 1301 3611 cruci·

321 3651 389 3714 fixe.
414 3653 563 3714 Secundo
587 3654 726 3715 ostendit
750 3674 785 3714 ex
811 3654 966 3736 scriptura
990 3654 1190 3732 Genes.Vl⁰,
1215 3656 1302 3736 quod
1319 3670 1351 3720 30

321 3777 383 3817 non
402 3758 473 3818 licet
490 3757 581 3819 nobis
598 3760 674 3819 tales
687 3758 904 3820 conclusiones
918 3760 1047 3836 elicere3
1066 3773 1096 3820 et
1110 3759 1305 3840 exponendo

320 3861 509 3942 scripturam
537 3862 629 3922 docet
652 3864 826 3922 secundum
853 3883 949 3944 quam
974 3882 1158 3923 mensuram
1183 3861 1304 3923 debent

318 3966 449 4025 concedi
479 3967 560 4025 dicta
595 3967 766 4027 doctorum
800 3979 830 4026 et
863 3968 1029 4047 quomodo
1061 3967 1092 4026 in
1123 3967 1306 4048 periculosa

371 4150 390 4195 5.
406 4151 438 4194 tt:
452 4152 584 4194 merrerr‘enr.
631 4165 652 4207 7.
669 4153 699 4196 lt:
714 4153 744 4196 de
756 4155 887 4208 quantitate
900 4154 982 4197 hostie.
1031 4166 1057 4197 tr.
1072 4152 1102 4197 E:
1117 4156 1238 4198 sentencia
1245 4155 1307 4211 suit.

319 4233 351 4275 19·
363 4221 395 4263 C:
411 4221 505 4263 ecclesie
519 4221 541 4264 in
557 4234 630 4275 marp.
645 4223 688 4265 alia
703 4235 780 4265 nrann.
830 4235 860 4266 ar.
870 4223 923 4266 AB:
938 4223 1101 4275 dr'str'nccr'om',·
1115 4224 1147 4267 D:
1161 4224 1308 4270 divisionem.

318 4289 350 4332 23.
363 4289 392 4332 E:
403 4290 484 4343 portin·
493 4289 524 4332 lb.
536 4289 566 4332 E:
577 4292 703 4345 exemplum
713 4293 834 4346 marrolis
847 4292 878 4335 ib.
889 4292 978 4336 codd:
988 4291 1043 4335 Cor.
1056 4296 1081 4335 Χ.
1123 4293 1159 4335 26.
1170 4293 1202 4336 C:
1213 4305 1307 4338 uocare.

318 4369 353 4413 ²9·
366 4359 395 4401 tt:
407 4364 460 4401 sarit
469 4358 586 4411 crucifixe.
627 4359 660 4403 30.
671 4361 764 4404 ABCE:
775 4361 912 4411 ostendum·
926 4363 956 4406 ib.
968 4362 1000 4405 ll:
1013 4362 1070 4406 Gerr.
1081 4362 1115 4406 dr.
1157 4362 1187 4406 31.
1204 4363 1236 4406 lt:
1247 4366 1309 4406 tates

317 4429 456 4482 precationes.
511 4427 542 4471 33.
559 4428 589 4470 13,-
605 4431 667 4472 dr'rtn
681 4436 826 4479 stricturum,-
844 4432 874 4473 ib.
890 4431 922 4473 tt:
938 4433 961 4474 r'ri
977 4431 1048 4475 deest.
