3046 4920
132 403 201 450 aar.
214 388 268 478 nc]
484 404 529 455 on
549 399 792 453 aucrranrstrn.

133 586 170 627 ex
193 564 249 628 tibi
274 564 375 625 dubio
399 558 506 623 nullus
531 559 666 620 istorum
692 555 751 618 luit
777 555 958 617 membrum
984 553 1127 616 ecclesie.

134 669 248 746 Qualis
271 686 346 750 ergo
376 663 478 727 racio:
514 660 547 724 Si
578 661 678 723 homo
708 659 801 722 debet
828 661 956 722 credere
983 659 1125 737 ecclesie,

133 792 210 855 ergo
226 767 306 834 illis?
324 770 371 831 De
389 768 448 830 ista
465 764 609 851 materia,
626 763 794 848 quomodo
812 761 890 825 fides
906 764 980 826 data
996 761 1126 826 ecclesie

134 875 241 939 iniciat
265 872 364 936 fidem
387 869 591 950 catholicam,
615 883 702 952 patet
726 868 811 931 alibi.

109 987 122 1038 5
177 978 292 1042 Tercia
325 975 480 1038 instancia
514 988 561 1037 est
589 974 677 1058 quod
712 970 1034 1035 transsubstantiatio
1067 979 1348 1077 &gaarmaindau-

134 1081 265 1166 quando
296 1099 362 1143 una
384 1078 566 1142 substancia
590 1075 759 1140 transitio
783 1076 890 1154 aliam,
916 1089 952 1138 ut
975 1074 1066 1160 panis
1091 1043 1347 1144 fitmalilb‘l'e'aliligs.

134 1206 250 1268 corpus
267 1182 387 1248 Christi
411 1184 451 1245 ad
475 1203 608 1247 sensum
627 1181 820 1264 expositum.
846 1181 886 1242 Et
902 1193 1062 1264 quantum
1085 1178 1125 1239 ad

134 1289 211 1353 illud
236 1289 275 1350 de
298 1286 469 1350 existencia
491 1285 712 1349 accidencium
735 1284 802 1349 sine
819 1285 976 1365 subiecto,
1001 1283 1126 1346 dictum

133 1408 180 1456 est
203 1391 374 1476 quomodo
398 1389 618 1474 multipliciter
642 1403 749 1472 potest
773 1409 844 1452 vere
867 1387 1017 1473 intelligi,
1046 1387 1125 1450 etsi

94 1496 303 1580 roreplicetur
327 1496 415 1580 quod
440 1495 525 1557 dicta
549 1495 681 1557 ecclesia
712 1514 776 1556 non
805 1494 851 1556 sic
880 1492 987 1574 sentit,
1011 1491 1127 1554 dicitur

133 1601 222 1685 quod
254 1600 318 1664 hoc
354 1600 453 1662 docto
486 1599 758 1661 consentiendum
792 1613 840 1661 est
874 1596 997 1660 veritati
1037 1595 1124 1680 quod

133 1706 252 1790 dogma
277 1705 359 1768 loret
384 1704 480 1767 nimis
503 1702 650 1785 difficile3
683 1703 757 1766 ideo
787 1702 848 1765 hoc
873 1702 985 1766 habito
1009 1702 1126 1765 dicitur

132 1811 221 1895 quod
247 1831 312 1873 non
337 1824 386 1874 est
409 1809 605 1872 credendum
630 1809 661 1871 in
687 1809 748 1870 hoc
771 1808 815 1871 illi
840 1808 981 1873 ecclesie.
1146 1839 1204 1871 ...κ

177 1915 270 1979 Unde
286 1929 401 1998 quarta
423 1913 578 1977 instancia
595 1933 668 1975 vere
684 1912 761 1976 dicit
777 1914 867 1997 quod
892 1913 969 1976 nulli
993 1914 1122 1976 ecclesie
1137 1937 1161 1976 4·
1177 1922 1222 1966 We
1237 1936 1290 1982 may
1305 1933 1345 1968 na

1151 1977 1225 2020 credit
1241 1979 1329 2021 clrurclr

93 2021 180 2081 rsvel
210 2021 324 2104 angelo
352 2020 392 2081 de
420 2020 489 2081 celo
517 2019 716 2082 credendum
746 2033 792 2081 est
821 2018 852 2080 in
881 2017 1013 2081 materia
1037 2017 1122 2098 fidei,
1138 2031 1344 2136 oppggpipctflffin

134 2126 194 2188 nisi
218 2125 258 2188 de
280 2138 405 2209 quanto
434 2144 530 2208 super
557 2123 685 2186 racione
714 2144 746 2185 se
775 2123 957 2187 fundaverit
984 2124 1032 2186 vel
1061 2122 1181 2230 fid9s⁰l
1196 2134 1343 2229 {3230325543

134 2229 297 2313 scripture.
331 2228 418 2293 Cum
442 2249 520 2311 ergo
543 2249 654 2292 sensus
678 2229 719 2291 ab
747 2229 934 2291 adversariis
961 2231 1123 2311 expositus
1133 2200 1263 2292 isunnam-at
1279 2199 1343 2281 bolli-

134 2350 248 2398 neutro
273 2335 407 2396 istorum
425 2334 600 2396 modorum
619 2333 783 2411 landatur,
807 2335 951 2416 sequitur
967 2334 1054 2416 quod
1072 2332 1123 2395 ille

134 2460 245 2502 sensus
263 2453 397 2521 propter
421 2438 544 2501 nullam
568 2439 734 2500 ecclesiam
759 2452 806 2501 est
829 2439 1014 2503 credendus.
1040 2439 1123 2499 Nam

91 2546 240 2608 zonullus
264 2545 403 2608 istorum
426 2543 488 2607 luit
512 2543 659 2606 subtilior
674 2564 772 2628 quam
797 2558 903 2606 sancte
921 2543 1034 2627 pagine
1053 2564 1122 2622 pro·

132 2650 233 2713 sessor
256 2649 442 2711 notabiliter
465 2669 570 2711 errans
600 2649 630 2710 in
663 2650 721 2711 ista
746 2649 890 2712 materia.
931 2649 1012 2727 Quis
1045 2669 1123 2730 ergo

132 2757 231 2834 color,
255 2754 280 2815 si
305 2773 417 2816 omnes
442 2753 484 2816 illi
509 2753 618 2835 prelati
644 2752 773 2817 luerunt
796 2774 883 2816 sacre
907 2755 1024 2837 pagine
1047 2774 1121 2836 pro·

132 2858 263 2920 lessores
292 2860 341 2920 vel
370 2858 524 2942 episcopi,
554 2859 641 2939 quod
671 2860 836 2921 decretum
860 2879 970 2922 eorum
996 2861 1123 2923 carebat

131 2959 331 3046 calumpnia?
365 2964 482 3026 Nonne
506 2963 682 3042 Sarraceni,
713 2965 849 3042 Tartari,
874 2985 987 3048 ymmo
1010 2964 1120 3027 Asiani
1150 2969 1324 3014 rrorcssonor

89 3070 236 3152 25plures
262 3088 359 3153 quam
386 3070 470 3130 mille
499 3069 598 3130 millia
630 3071 839 3132 consenciunt
869 3071 902 3132 in
930 3070 1120 3153 oppositum
1154 3023 1321 3133 bd,¹,⁸,{,'}},¹{,³,¹,¹¹,}

131 3174 214 3236 dicte
237 3173 409 3253 sentencie,
438 3187 468 3236 et
491 3175 574 3237 sicut
603 3195 660 3237 nos
686 3174 823 3238 dicimus
853 3176 941 3258 quod
965 3176 1121 3238 habemus
1214 3139 1260 3170 en.

133 3277 228 3340 fidem
261 3293 376 3342 rectam
411 3279 568 3362 nobisque
607 3295 654 3342 est
689 3281 894 3356 credendum,
935 3281 978 3343 ita
1009 3282 1120 3343 dicunt

131 3382 239 3444 Asiani
272 3384 311 3445 de
344 3405 377 3445 se
410 3383 486 3466 ipsis
514 3398 545 3446 et
574 3386 770 3446 contrarium
800 3386 839 3446 de
868 3386 976 3465 nobis,
1009 3405 1120 3469 ymmo

131 3487 226 3549 hodie
260 3503 391 3570 possent
415 3488 523 3571 colligi
557 3491 660 3551 multa
693 3490 791 3552 millia
825 3489 1054 3573 episcoporum
1087 3507 1118 3552 et

88 3593 302 3655 30doctorum
325 3614 400 3654 cum
425 3596 578 3677 episcopo
603 3596 785 3657 Avinonico
814 3615 877 3678 que
904 3596 936 3656 in
966 3597 1024 3658 ista
1052 3616 1119 3657 ma·

134 3696 211 3758 teria
235 3699 338 3759 forent
366 3701 523 3760 contraria
547 3701 686 3778 veritati;
720 3701 824 3782 itaqae
853 3722 915 3763 non
946 3716 993 3761 est
1021 3702 1119 3778 color,

129 3801 153 3863 si
179 3816 226 3863 tot
252 3803 432 3884 congregati
458 3804 501 3864 sic
526 3803 731 3885 dilrinierant,
756 3825 831 3886 ergo
848 3825 960 3868 verum
985 3821 1015 3866 et
1032 3826 1117 3866 vere-

181 4087 196 4117 r.
213 4075 244 4117 D:
264 4076 309 4117 tali
321 4076 398 4118 dubio.
454 4089 473 4120 a.
490 4078 520 4121 C:
542 4078 608 4120 caclo
624 4079 646 4121 in
663 4092 735 4134 marg.
752 4081 795 4122 alin
812 4092 889 4122 manu.
945 4094 967 4136 9.
984 4083 1014 4126 C:
1031 4096 1084 4126 rere
1098 4085 1119 4126 in

128 4156 200 4198 marg.
224 4146 267 4187 alia
290 4159 368 4189 manu.
458 4161 488 4191 ro.
511 4149 607 4191 alicu:
630 4151 707 4192 sensit.
800 4162 827 4193 ra.
850 4151 946 4195 AllCll:
966 4165 1045 4205 ynrmo
1066 4155 1117 4196 lroc.

129 4226 160 4265 rs.
175 4214 205 4257 C:
221 4228 274 4258 uere
288 4217 359 4259 dccst.
400 4230 435 4260 ro.
451 4219 484 4261 b:
500 4220 729 4262 nnllnssanrtarnnr.
773 4234 800 4263 tr.
818 4222 849 4263 ll:
866 4223 889 4263 in
905 4223 954 4265 illa.
997 4223 1028 4266 23.
1046 4225 1076 4266 lt:
1094 4230 1118 4265 nt

127 4285 236 4339 episcopi.
313 4299 348 4338 aa.
370 4288 421 4330 lili:
442 4288 524 4330 Nonne
543 4291 641 4332 racione
660 4293 783 4333 Saraceni.
858 4291 890 4334 25.
910 4293 983 4335 atie:
1004 4296 1115 4336 sencinnt

127 4355 163 4395 2¹3.
178 4355 251 4397 alte:
273 4368 314 4398 nor
328 4356 400 4401 deest.
455 4361 481 4400 ab'
505 4359 556 4401 nu:
577 4373 602 4402 se
616 4362 688 4402 deest.
743 4374 777 4414 29.
797 4363 826 4404 li:
848 4364 892 4404 lrnc
906 4364 950 4405 dic.

990 4438 1017 4484 ¹8
