3046 4920
119 431 176 503 148
657 441 830 497 sottsttms
846 442 988 497 wtcttr
1187 420 1318 515 [cnr-v·

119 614 202 692 ‘rte
217 623 295 683 temp,
371 599 463 681 Item,
505 614 659 684 queretur
696 601 738 665 ds
779 600 1020 665 mendicscione
1056 598 1149 663 istius
1185 598 1313 663 termini

128 677 309 827 εἶῖἐζὲἐῖξῧ
327 702 521 768 excludentis
543 719 672 769 motum
693 704 830 771 localem
851 704 1021 769 conversio
1041 700 1187 787 corporis
1207 701 1318 788 scqui-

135 825 293 880 entoutany
327 808 426 871 tentis
452 807 578 891 locum;
601 822 699 893 patet,
720 808 866 894 inquam,
888 810 979 893 quod
1000 828 1067 873 non
1089 820 1138 871 est
1159 805 1318 871 terminus

155 887 272 984 ruffilli.
327 912 571 997 philosophicus
598 914 640 977 td
670 933 804 979 sensum
829 913 932 993 illum,
963 932 1039 977 cum
1067 909 1256 996 philosophi
1284 922 1318 975 ct

130 983 301 1079 inirin‘iiin‘ai'e‘
326 1016 512 1081 subtiliores
550 1016 695 1103 theologi
737 1030 887 1103 negsrmt
928 1036 1060 1081 omnem
1103 1015 1202 1080 talem
1238 1024 1343 1079 con-5

120 1087 208 1133 admits
221 1086 251 1131 sll
266 1086 304 1130 tlte
398 1121 407 1137 .
716 1120 724 1135 .
750 1120 781 1137 ..
1255 1120 1262 1135 .

143 1139 278 1236 ,fflilffi
328 1140 507 1185 versionem
551 1121 592 1184 de
636 1120 792 1205 possthtlt.
840 1122 881 1185 Et
925 1134 1013 1205 patet
1056 1120 1148 1207 quod
1197 1132 1319 1203 petitur

280 1223 286 1235 “
328 1224 506 1310 descriptio
529 1238 653 1305 motus;
677 1226 853 1290 nonenim
875 1239 925 1290 est
945 1224 1032 1289 rscio
1048 1245 1149 1312 quere
1170 1223 1264 1310 panis
1286 1236 1321 1289 et

327 1328 438 1392 vinum
473 1328 669 1392 convertitur
696 1327 729 1391 in
756 1347 876 1413 corpus
899 1328 1019 1395 Christi
1047 1329 1099 1394 ael
1126 1328 1318 1413 sunguinem

328 1432 378 1497 vel
399 1432 544 1515 aliquant
565 1432 635 1497 eius
657 1446 784 1517 purtem
798 1434 878 1519 quin
900 1434 1068 1518 peridem
1089 1434 1122 1497 in
1137 1432 1320 1519 quemlibet
1449 1512 1452 1517 Ι

327 1552 360 1602 et
380 1536 539 1621 quidlibet
559 1536 802 1623 assignandum.
825 1538 960 1603 Videtur
981 1539 1070 1603 enirn
1092 1538 1205 1605 multis
1226 1536 1318 1622 quod
1331 1563 1364 1601 to

327 1642 487 1707 subducto
509 1640 601 1705 omni
623 1655 717 1705 motu
740 1641 837 1707 locali
859 1642 910 1705 vel
932 1644 1142 1709 conversione
1165 1643 1262 1707 unius
1285 1642 1320 1706 in

326 1746 415 1811 aliud
440 1765 559 1830 corpus
586 1759 695 1831 posset
722 1746 882 1832 quotlibet
904 1747 975 1812 loca
1003 1746 1167 1833 acquirere
1188 1760 1222 1813 et
1241 1746 1320 1811 sliss

327 1852 467 1935 perdere.
477 1850 556 1915 ldeo
564 1850 794 1916 inconvenieus
803 1848 930 1916 videtur
940 1852 1117 1935 descriptio
1125 1852 1319 1917 mendicate.

326 1955 360 2020 Si
391 1955 479 2020 enim
509 1969 616 2020 essent
648 1954 810 2041 quotlibet
837 1956 909 2019 locs
938 1970 1097 2041 occupata
1128 1956 1321 2040 corporibus

327 2059 487 2143 contiguis
517 2059 655 2123 omnino
687 2060 806 2144 quietis
840 2079 906 2144 que
942 2059 1053 2125 subito
1090 2060 1320 2125 continuentur
1333 2071 1363 2126 15

327 2164 433 2228 anima
460 2164 544 2229 Petri
571 2178 720 2229 actuaute
753 2184 867 2229 eorum
897 2165 1069 2250 quotlibet,
1100 2180 1178 2231 tunc
1207 2167 1319 2230 Petrus

326 2284 408 2333 esset
442 2288 499 2354 per
530 2269 692 2353 quotlibet
724 2270 795 2335 loca
828 2271 869 2333 de
905 2290 992 2334 novo
1030 2272 1101 2335 sine
1135 2272 1198 2337 hoc
1230 2272 1320 2356 quod

328 2388 513 2439 moveretur
534 2375 576 2438 ad
596 2374 740 2459 aliquem
762 2394 876 2441 eorum
900 2376 950 2439 vel
978 2376 1114 2441 alicuius
1137 2377 1183 2441 rei
1206 2374 1263 2441 fiat
1285 2376 1318 2441 in

279 2507 282 2512 ·
327 2480 423 2542 aliam
439 2479 620 2543 conversio.
641 2482 726 2544 Nam
742 2494 849 2545 motus
863 2480 976 2544 loculis
991 2480 1023 2544 in
1035 2482 1129 2546 Petro
1144 2481 1319 2565 utrobique

328 2584 527 2665 subducitur,
554 2599 586 2648 et
613 2584 700 2648 idem
727 2586 913 2650 conceditur
934 2586 1065 2668 perditis
1093 2585 1238 2671 partibus
1261 2606 1364 2669 perso

327 2687 658 2752 discontinuacionem
681 2690 751 2752 sine
775 2704 866 2753 motu
888 2690 992 2753 loculi.
1016 2690 1057 2753 Et
1081 2691 1197 2754 eodem
1217 2692 1319 2755 modo

327 2792 445 2856 diceret
476 2793 550 2875 pius
587 2793 802 2876 philosophus
839 2794 1034 2877 pertinenter
1071 2796 1160 2878 quod
1198 2814 1318 2878 corpus

327 2896 423 2960 habet
454 2917 523 2960 esse
556 2897 771 2961 intencionale
799 2918 853 2980 per
881 2898 1037 2975 medium,
1068 2899 1198 2982 capiens
1225 2919 1319 2962 suam

327 3001 477 3084 speciem,
506 3001 588 3065 sicut
616 3003 712 3065 habet
739 3023 807 3065 esse
834 3001 996 3085 spirituale
1024 3024 1082 3086 pet
1103 3003 1210 3066 anime
1240 3024 1317 3067 con-

327 3108 559 3169 sideracionem
590 3108 622 3169 in
656 3108 723 3190 ipsa
755 3107 862 3170 anima
893 3108 960 3170 sine
992 3107 1055 3171 hoc
1083 3110 1173 3191 quod
1200 3117 1360 3193 corpus23

328 3226 495 3274 moveatur
518 3213 558 3273 ad
581 3211 634 3273 illa
657 3213 744 3293 loca;
767 3231 864 3295 quare
888 3232 952 3275 non
981 3227 1090 3295 posset
1113 3215 1158 3275 sic
1186 3234 1255 3276 esse
1278 3214 1318 3276 de

328 3335 396 3378 esse
413 3315 644 3399 sacramentali,
669 3316 758 3399 quod
781 3317 873 3379 habet
889 3336 1007 3401 corpus
1024 3317 1143 3381 Christi
1165 3318 1197 3379 in
1215 3318 1319 3381 hostia

328 3440 384 3502 per
417 3420 565 3483 virtutem
599 3421 707 3482 datam
748 3421 850 3484 hostie
882 3421 950 3483 sine
981 3421 1043 3484 hoc
1075 3424 1163 3506 quod
1199 3442 1318 3506 corpus

329 3522 446 3586 Christi
471 3524 556 3587 illinc
579 3525 722 3587 localiter
746 3540 923 3589 moveatur.

112 3634 320 3736 illgssqqqqeqqqlos
371 3627 501 3709 ltetunt,
541 3630 720 3692 secundum
754 3631 925 3693 Doctorem
959 3628 1116 3694 Subtilem
1156 3645 1187 3694 et
1224 3643 1360 3695 suam30

125 3741 191 3783 trans
206 3736 299 3785 Scottis.
328 3747 446 3796 sectam
472 3733 557 3795 Deus
580 3749 690 3816 posset
713 3734 819 3797 subito
852 3734 1062 3817 multiplicare
1090 3735 1176 3798 idem
1199 3755 1316 3818 corpus

327 3857 384 3918 per
407 3839 564 3921 quotlibet
587 3838 656 3900 loca
681 3853 711 3901 et
735 3840 811 3901 alius
834 3839 1101 3923 demultiplicare3
1134 3841 1221 3922 quod
1251 3860 1315 3901 non

379 4053 398 4085 2.
422 4043 475 4086 AB:
499 4043 582 4085 uictum
604 4042 728 4094 lnt'caleou
750 4039 781 4086 C:
805 4043 912 4086 correxit.
1018 4042 1040 4086 8.
1065 4043 1095 4087 E:
1122 4047 1145 4087 el
1167 4045 1317 4099 sanguinem.

327 4123 350 4168 9.
367 4112 399 4156 li:
413 4113 495 4156 aliam.
549 4123 579 4164 tt,
594 4111 623 4156 13.
638 4111 669 4155 ii:
684 4117 707 4155 et
719 4112 859 4156 antecedens
869 4112 979 4169 perdere.
1034 4110 1063 4156 tl.
1079 4112 1110 4157 E:
1125 4113 1317 4159 mendicantium.

329 4183 361 4226 tti.
377 4182 406 4225 B:
425 4181 553 4225 accidente.
625 4194 655 4237 ¹7·
670 4180 690 4225 C
704 4182 728 4225 itt
743 4194 830 4237 marin:
849 4183 899 4237 lpse
912 4181 984 4238 (quod
997 4181 1064 4237 ipse).
1136 4185 1172 4237 sd,
1186 4194 1221 4239 ²7·
1236 4182 1269 4227 C:
1289 4184 1319 4227 de

327 4263 378 4295 esse
391 4251 413 4294 iu
429 4263 503 4304 marn.
518 4251 561 4294 alia
577 4263 656 4295 manu.
711 4263 749 4306 29.
763 4251 795 4296 C:
814 4252 869 4294 illic.
923 4249 957 4294 30.
975 4250 1004 4294 E:
1025 4256 1086 4295 itan.

381 4378 421 4432 30·
440 4378 457 4427 i.
475 4393 498 4428 e.
518 4378 591 4427 Dans
610 4379 727 4428 Scotum.
