3046 4920
112 462 170 515 ¹¹4
658 457 989 513 sonsumswrcurr
1176 438 1316 533 [mam.

115 627 306 739 ppcpppppvpicp
325 615 527 681 sanctitatem
559 635 597 681 ex
630 616 793 699 presencia
824 614 1035 681 humanitatis
1068 613 1202 697 Christi,
1238 616 1316 701 quia

107 733 311 841 affipapoppppe
325 718 370 783 sic
381 718 528 783 Scariotln
545 739 620 784 cum
630 716 762 784 Christo
778 719 950 783 comedens
964 732 997 783 et
1012 716 1170 802 presbiter
1184 718 1316 803 iniquus

165 839 259 894 priests
325 822 599 888 sacramentaliter
629 821 797 888 Christum
829 822 861 885 in
899 822 1007 887 bostia
1042 820 1202 905 accipiens
1233 822 1317 889 loret

129 892 293 989 liiili‘falll
324 941 471 1007 sanctus;
492 926 561 1011 ipse
583 925 670 991 enim
693 940 742 989 eat
758 944 858 1009 capax
874 924 1004 989 maioris
1025 924 1201 991 sanmitatia
1215 946 1314 1013 quam

325 1052 375 1097 res
397 1030 574 1096 inanimata
594 1048 659 1115 que
682 1028 778 1094 habet
800 1030 834 1093 in
858 1050 893 1093 se
918 1029 1078 1115 equivoce
1099 1030 1341 1118 sanctitatem‚5

324 1136 409 1202 sicut
435 1154 521 1220 aqua
546 1132 698 1219 baptismi
729 1132 827 1199 babet
852 1133 885 1199 in
913 1155 948 1199 se
978 1134 1123 1219 praciam
1148 1150 1315 1221 tamquam

324 1239 456 1325 signum
469 1238 521 1303 rel
536 1236 780 1303 occasionaliter
801 1236 944 1304 efficiens
965 1238 1109 1325 graciam
1128 1238 1163 1305 in
1176 1260 1315 1325 persona

325 1364 390 1429 que
414 1342 635 1408 communicat
650 1358 860 1426 sacramento,
881 1344 928 1410 sic
942 1346 1033 1431 quod
1048 1344 1201 1410 sanctitas
1215 1364 1315 1430 quam

325 1448 424 1513 habet
446 1468 485 1511 ex
507 1446 671 1533 presencia
698 1448 843 1533 corporis
866 1447 987 1514 Christi
1011 1448 1231 1514 videturesse
1257 1468 1316 1533 par

326 1556 358 1617 in
374 1552 500 1619 cunctis
515 1552 705 1636 eukaristiis,
721 1555 778 1618 sed
788 1554 941 1620 sanctitas
956 1568 1028 1620 orta
1038 1576 1078 1619 ex
1086 1552 1314 1620 benediccione
1327 1580 1359 1617 ro

326 1657 493 1742 presbiteri
516 1656 643 1725 videtur
665 1659 957 1743 correspondenter
976 1661 1018 1724 sd
1041 1679 1139 1725 auum
1162 1660 1315 1725 meritum

325 1762 451 1845 variari,
483 1777 516 1828 et
542 1782 601 1849 per
620 1763 867 1829 distinccionem
894 1764 1115 1851 intelligantur
1139 1765 1315 1851 legesque

326 1868 477 1933 ridentur
490 1866 659 1933 contrarie.
682 1867 776 1933 Sicut
795 1866 881 1931 enim
901 1868 1010 1933 oracio
1024 1868 1190 1935 dominica
1203 1869 1314 1955 quoad

326 1972 395 2037 eius
424 1985 574 2036 naturam
601 1986 649 2037 est
670 1990 753 2057 eque
783 1972 879 2056 bona,
913 1992 1154 2059 aquocunque
1176 1972 1313 2049 dicatur,

325 2077 370 2142 sic
408 2090 457 2142 est
493 2077 534 2140 de
570 2090 780 2158 sacramento,
817 2077 873 2141 sed
910 2077 971 2143 ista
1006 2076 1103 2141 habet
1134 2074 1312 2141 efficaciam
1327 2087 1357 2141 ι5

326 2196 358 2246 et
392 2179 580 2246 bonitatem.
613 2180 702 2245 Bona
734 2182 820 2245 enim
852 2181 1029 2246 inanimata
1062 2182 1182 2268 quibus
1215 2180 1315 2245 homo

326 2286 428 2351 utitur
453 2306 493 2351 ex
519 2290 665 2350 virtuoso
694 2306 755 2349 usu
783 2286 978 2351 contrahunt
1008 2286 1203 2369 bonitatem;
1230 2305 1313 2372 quo·

325 2390 428 2455 modo
451 2409 528 2475 ergo
550 2404 786 2456 sacramentum
809 2409 876 2475 quo
898 2390 1004 2456 iustus
1026 2390 1129 2457 utitur
1143 2404 1181 2455 ut
1193 2390 1315 2455 instru-

326 2508 439 2559 mento
476 2494 620 2559 merendi
658 2513 754 2579 super
791 2494 859 2559 aliis
897 2516 962 2559 non
1002 2497 1100 2561 habet
1136 2495 1316 2560 bonitatem

326 2600 536 2683 respectivam
570 2599 654 2663 ultra
686 2614 924 2663 sacramentum
961 2620 1028 2685 quo
1066 2600 1315 2683 dampnabiliter
1324 2626 1359 2663 en

326 2704 465 2768 iniustus
486 2701 648 2768 abutitur?
671 2703 762 2768 Sicut
784 2706 872 2767 enim
894 2720 960 2769 tota
977 2706 1168 2769 universitas
1184 2706 1315 2788 prodest

326 2810 412 2873 iusto
435 2824 467 2873 et
488 2808 625 2873 iniustus
642 2808 718 2872 lacit
733 2808 880 2873 iniuriam
898 2809 956 2873 toti
973 2811 1108 2893 mundo,
1123 2812 1199 2895 quia
1219 2811 1315 2873 debet

326 2913 566 2978 communicare
581 2913 641 2976 sibi
658 2912 890 2997 perfeccionem
905 2916 1080 2978 secundam
1093 2936 1186 2999 aqua
1198 2912 1314 2978 deficit.

327 3019 446 3083 Dicunt
467 3019 551 3081 enim
569 3019 656 3102 quod
679 3018 828 3081 denarius
852 3034 899 3083 est
922 3020 1037 3082 melior
1060 3020 1092 3081 iu
1116 3039 1213 3082 manu
1238 3039 1314 3103 pru·

326 3123 431 3186 dentis
462 3143 560 3207 quam
597 3122 685 3203 latui,
720 3138 752 3186 et
784 3136 890 3186 tamen
924 3138 1043 3208 negant
1075 3139 1356 3187 sacramentumss

325 3248 395 3292 esse
428 3227 542 3291 melius
575 3226 606 3289 in
640 3227 817 3291 ministerio
850 3227 923 3292 iusti
952 3228 1008 3312 qui
1041 3227 1117 3292 facit
1150 3248 1225 3292 cum
1258 3230 1314 3292 illo

327 3334 470 3397 fructum
497 3334 684 3415 centuplum
713 3353 810 3416 quam
841 3333 872 3394 in
902 3333 1082 3396 ministerio
1107 3334 1233 3417 reprobi
1257 3337 1313 3418 qui

325 3460 399 3502 cum
436 3440 491 3501 illo
523 3436 730 3521 dampnificat
757 3459 789 3500 se
818 3440 924 3521 ipsum
952 3454 984 3503 et
1013 3440 1182 3521 populum.
1218 3440 1312 3503 Unde

325 3546 366 3608 ad
390 3558 516 3607 tantum
541 3544 643 3606 clerus
666 3543 772 3606 illudit
795 3545 917 3627 populo
934 3545 1023 3627 quod
1046 3544 1147 3609 credit
1170 3561 1201 3608 et
1218 3546 1312 3607 docet

325 3651 414 3734 quod
445 3663 680 3712 sacramentum
715 3669 778 3712 non
807 3650 848 3713 sit
877 3650 934 3712 nisi
963 3650 1109 3714 accidens
1137 3651 1358 3733 abiectum,3o

326 3770 357 3818 et
390 3770 499 3818 tamen
532 3753 704 3818 offenditur
738 3755 781 3817 illi
815 3755 869 3838 qui
896 3756 1032 3839 vulgum
1064 3755 1157 3819 docet
1185 3757 1311 3819 credere

326 3861 414 3944 quod
438 3861 515 3922 illud
540 3874 772 3922 sacramentum
797 3861 965 3922 eukaristie
989 3881 1053 3923 non
1080 3861 1121 3923 sit
1145 3860 1240 3927 Deus.
1275 3862 1314 3924 Et

326 3979 434 4028 tamen
458 3965 637 4026 secundum
654 3965 849 4047 Apostolum
868 3965 984 4048 Ephes.
1001 3965 1071 4047 ΝΟ,
1091 3967 1106 4026 5
1127 3966 1223 4027 debet
1246 3987 1315 4027 esse

378 4166 402 4207 4,
421 4152 440 4197 5.
461 4151 494 4197 Dr
515 4152 579 4208 qaod
596 4163 641 4195 rea.
734 4151 754 4196 5.
774 4152 806 4196 ll:
827 4152 851 4196 ris
868 4165 894 4196 sc
910 4153 992 4196 nolum.
1082 4152 1105 4197 6.
1125 4152 1155 4197 E:
1176 4155 1314 4209 predabat.

326 4223 349 4277 6,
359 4235 380 4278 7.
395 4222 427 4266 C:
442 4227 558 4278 tamquam
570 4246 591 4254 -
602 4221 711 4278 praciam
721 4221 744 4266 in
755 4234 827 4277 marg.
839 4222 883 4265 alis
895 4234 974 4266 manu.
1029 4235 1056 4267 ιι.
1072 4223 1103 4266 ll:
1119 4224 1313 4279 corresponderr.

327 4291 356 4338 13.
373 4292 403 4336 li:
420 4292 623 4348 llnmlar'enqrsc.
682 4291 711 4336 rs.
726 4290 967 4347 caesurarum.
1028 4292 1225 4348 spruunx-
1240 4295 1315 4339 alitur

326 4364 399 4407 deest.
454 4372 487 4415 ¹9·
502 4360 575 4405 ABE:
594 4361 702 4405 merendi
711 4361 754 4406 sed
765 4362 835 4413 alais,⁴
855 4361 886 4404 ll:
905 4361 948 4405 red
960 4368 984 4406 el
996 4362 1066 4414 atriu
1084 4362 1117 4407 C:
1131 4362 1187 4415 sed,·
1200 4366 1312 4408 correxit:

325 4444 405 4488 super.
459 4428 493 4474 23.
507 4430 604 4475 ABCD:
622 4443 637 4473 a
651 4443 705 4487 qao.
