3046 4920
244 464 372 549 canu]
444 439 448 450 ⁸
586 481 631 532 oa
651 479 893 530 rucuanrsrta.

244 642 337 702 verba
361 638 600 701 sacramentalia
625 637 819 715 conversiva,
846 654 921 696 cum
943 635 1035 698 aliter
1059 635 1164 700 forent
1188 638 1231 699 in·

245 744 440 828 pertinencia
463 744 531 804 sive
556 741 644 804 falsa.

286 849 350 911 Sed
384 859 471 930 patet
504 865 541 907 ex
570 843 662 907 dictis
696 845 845 928 proximo
878 845 1018 928 capitulo
1051 846 1139 927 quod
1172 846 1232 908 ista
1285 857 1404 916 turinen-

243 952 406 1015 evidentia
435 969 500 1012 non
530 949 640 1011 obviat
669 964 775 1012 nostre
802 951 976 1031 sentencie,
1010 948 1118 1012 omnis
1146 948 1230 1011 enim
1251 909 1441 1024 :ididditiritirifd

217 1056 421 1119 skarhoticus
458 1055 633 1116 concordat
675 1075 751 1116 cum
783 1055 922 1117 heretico
960 1053 993 1116 in
1025 1054 1231 1138 quibusdam.
1263 1026 1429 1070 ⁰¹¹‘⁰¹’¹'¹¹⁰¹¹'

243 1159 352 1223 Primo
380 1159 488 1241 itaque
517 1157 687 1221 dicendum
711 1174 758 1222 est
782 1160 821 1221 de
846 1159 973 1221 veritate
998 1172 1028 1221 et
1051 1156 1231 1221 diversitate

240 1277 349 1325 nostre
364 1263 523 1327 sentencie
538 1264 580 1325 ab
595 1262 654 1325 ista
669 1262 828 1325 sentencia
844 1262 1019 1344 reprobata.
1037 1262 1078 1325 Et
1089 1263 1231 1325 secundo

240 1367 500 1449 respondendum
525 1382 572 1430 est
594 1367 783 1429 obiectibus.

284 1470 452 1548 Quantum
486 1473 527 1534 ad
559 1470 712 1554 primum,
748 1471 874 1533 videtur
902 1470 991 1553 quod
1015 1467 1161 1534 Christus
1190 1471 1230 1534 sit
1260 1482 1439 1564 »arianarum=

200 1577 272 1638 roin
302 1576 405 1638 hostia
436 1590 470 1639 ut
498 1575 529 1638 in
559 1575 663 1659 signo,
698 1575 772 1660 quia
802 1576 893 1638 aliter
920 1595 984 1637 non
1014 1573 1095 1638 foret
1127 1575 1231 1638 hostia
1246 1537 1335 1634 bistili
1350 1536 1450 1644 1².th

240 1695 488 1760 sacramentum,
523 1701 588 1743 non
618 1694 723 1742 tamen
752 1695 799 1742 est
828 1681 872 1742 sic
902 1679 933 1742 in
962 1679 1060 1761 signis
1088 1682 1166 1764 quin
1189 1681 1231 1743 sit

240 1786 285 1849 ibi
307 1786 433 1848 realiter
455 1800 486 1847 et
502 1805 576 1847 vere
599 1785 778 1847 secundum
800 1799 904 1847 totam
926 1783 1177 1867 humanitatem;
1200 1799 1231 1848 et

239 1890 284 1954 sic
316 1889 504 1953 conceditur
535 1890 624 1974 quod
657 1887 803 1952 Christus
842 1908 906 1951 non
945 1904 992 1951 est
1030 1888 1072 1950 ibi
1110 1889 1229 1953 solum·

240 1996 339 2058 modo
363 2010 398 2058 ut
423 1995 581 2079 inriguo,
610 2008 657 2056 est
685 2009 792 2056 tamen
822 1993 863 2056 ibi
893 1991 1053 2056 efficacius
1075 2013 1173 2078 quam
1198 1994 1228 2056 in

200 2100 348 2182 r5signo;
382 2119 439 2161 nec
473 2113 632 2182 repugnat
663 2099 718 2159 sed
755 2113 913 2161 consonat
945 2099 1033 2181 quod
1067 2099 1152 2161 idem
1190 2098 1230 2163 sit

240 2204 354 2267 veritas
387 2219 418 2267 et
449 2201 549 2285 ligura
574 2202 623 2264 vel
647 2202 786 2284 signum,
815 2222 890 2265 curn
914 2204 1094 2265 secundum
1115 2208 1228 2286 Augu·

239 2308 360 2371 stinum
385 2305 595 2370 Enchiridion
620 2307 762 2389 capitulo
778 2307 834 2371 Lll
859 2327 946 2369 mors
971 2306 1102 2384 Christi,
1126 2328 1227 2371 resur·

239 2412 340 2475 reccio
369 2427 399 2474 et
427 2412 570 2475 ascensio
594 2425 682 2474 erant
704 2409 806 2494 figure
831 2411 946 2475 mortis
971 2427 1090 2491 nostre,
1123 2432 1225 2475 resur·

237 2514 391 2580 reccionis
424 2530 455 2578 et
489 2516 683 2579 ascensionis
718 2514 902 2598 spiritualis,
938 2531 969 2578 et
1003 2531 1109 2579 tamen
1138 2532 1228 2581 erant

194 2648 227 2683 20
238 2622 353 2684 veritas
393 2620 436 2683 rei
470 2634 566 2702 geste.
607 2619 774 2697 Quamdiu
807 2621 915 2704 itaque
948 2641 1060 2684 sumus
1094 2622 1227 2701 viantes,

236 2739 364 2809 oportet
388 2743 446 2786 nos
471 2725 517 2788 uti
541 2724 639 2806 signis
662 2737 694 2786 et
709 2723 813 2786 vivere
836 2724 868 2786 in
894 2725 1077 2788 velamento
1100 2723 1173 2789 fidei
1198 2740 1228 2789 et

237 2827 358 2913 figuris,
388 2829 487 2890 etsie
516 2848 592 2891 cum
615 2829 647 2890 in
670 2828 770 2913 signis
794 2829 857 2891 sint
881 2830 999 2909 gradus
1023 2828 1226 2913 multiplices,

236 2948 323 3015 patet
347 2932 437 3014 quod
472 2951 531 2995 nos
555 2945 699 3015 tempore
728 2933 804 3016 legis
834 2934 936 3015 gracie
960 2932 1115 2997 habemus
1139 2935 1227 3018 signa

237 3036 416 3099 efficaciora
441 3056 540 3120 quam
570 3037 729 3100 habebant
757 3053 862 3121 patres
890 3039 1004 3101 veteris
1034 3040 1225 3102 testamenti.

194 3155 224 3206 25
281 3143 320 3204 Et
344 3155 431 3224 patet
454 3143 543 3225 quod
572 3162 631 3204 nec
660 3163 746 3205 error
768 3143 929 3225 predictus
953 3163 1011 3205 nec
1035 3143 1121 3206 racio
1146 3143 1225 3207 facta
1268 3158 1415 3216 rtnsagure

236 3261 344 3309 contra
380 3246 472 3310 illum
500 3267 640 3310 errorem
672 3248 884 3311 contrariatur
917 3263 1025 3312 nostre
1057 3249 1226 3330 sentencie,
1261 3214 1418 3327 rilll⁰llr²ll

237 3371 310 3413 nam
335 3351 463 3428 signum
487 3366 636 3415 nostrum
661 3353 756 3416 habet
773 3352 1062 3417 concomitanciam
1083 3353 1226 3437 corporis
1263 3317 1424 3432 oblatitii?¹

236 3455 355 3520 Christi
384 3456 512 3538 signati,
541 3477 617 3519 cum
643 3457 682 3520 sit
711 3457 841 3542 signum
869 3478 998 3541 presens
1027 3459 1109 3523 ultra
1135 3424 1403 3541 signapresentwnh
1419 3429 1444 3467 η’

237 3561 350 3624 veteris
382 3561 562 3624 testamenti
591 3576 623 3625 et
650 3564 746 3626 verba
775 3564 942 3646 signorum
972 3563 1089 3628 habent
1117 3562 1225 3628 coelii·

194 3667 388 3734 tocienciam
413 3681 448 3729 ut
472 3687 589 3750 corpus
613 3665 729 3730 Christi
758 3669 798 3730 sit
827 3669 931 3732 taliter
960 3668 1001 3730 ibi
1031 3690 1171 3753 presens,
1195 3684 1225 3733 et

236 3786 409 3854 utrumque
427 3772 564 3834 istorum
581 3770 686 3835 deficit
702 3773 734 3835 in
755 3773 824 3857 lege
841 3773 948 3836 veteri.
975 3774 1049 3836 ldeo
1065 3776 1226 3856 signanter

239 3874 389 3939 Christus
413 3878 507 3940 docet
532 3877 626 3940 istam
647 3877 915 3959 preeminenciam
932 3879 1004 3941 loh.
1018 3879 1087 3964 vt0,
1103 3899 1156 3962 49,
1175 3881 1225 3960 52,

288 4092 304 4124 r.
313 4078 363 4125 CE:
376 4081 445 4124 verbo
454 4082 591 4126 conversiva
601 4082 680 4136 (verba
689 4083 777 4138 twice);
787 4082 818 4127 ib.
828 4082 869 4127 ΑΒ
877 4083 966 4140 :soron
1008 4085 1029 4130 ti.
1038 4085 1092 4130 AB:
1101 4085 1225 4129 dicendum

235 4156 269 4194 ert
283 4151 354 4194 deest.
398 4151 600 4204 rallzutdecst.
643 4152 968 4203 14.ABC:rrorrtamenest.
1010 4153 1184 4209 r4‚15.D:norr
1202 4180 1222 4187 -

234 4220 306 4272 signo
320 4221 392 4263 deest.
441 4220 472 4265 18.
487 4219 688 4278 hucmstgara.
737 4233 769 4277 ro.
784 4221 992 4278 Cup-irritantium
1042 4236 1075 4268 22.
1090 4225 1123 4269 D:
1131 4224 1222 4283 figure.

236 4289 267 4333 25.
283 4289 377 4333 ABCE:
394 4291 517 4346 predictis.
572 4290 606 4335 28.
621 4290 674 4335 cn:
694 4292 773 4347 sr‘grro.
829 4304 866 4348 29,
881 4291 916 4336 30.
932 4293 964 4336 D:
985 4293 1153 4351 coesficacr'aru.

291 4414 329 4466 16.
348 4418 384 4466 St.
404 4418 543 4482 Augustini
564 4418 633 4483 Opp.
652 4429 716 4468 tom.
731 4419 773 4481 vt,
793 4433 853 4485 pag.
873 4418 931 4471 215.
