3046 4920
195 434 262 480 can.
278 422 332 511 vt]
534 443 579 493 nu
600 440 847 492 tcttcrranrstra.

196 597 336 681 fugiendi
360 618 391 663 et
408 599 542 662 finaliter
565 597 749 660 occidendi:
773 618 849 680 ergo
873 613 939 661 tota
963 599 1021 660 ista
1045 616 1130 662 secta
1154 600 1184 660 in

195 703 280 765 scola
305 704 474 766 eukaristie
498 717 546 764 est
570 701 675 764 taliter
698 703 892 784 castiganda,
922 705 1011 786 quod
1035 704 1061 765 si
1084 701 1184 780 fieret,

196 805 277 870 foret
301 808 396 871 nimis
420 827 535 888 magua
562 804 764 888 perturbacio
788 808 819 868 in
844 807 984 870 ecclesia.

239 912 433 975 Hicvidetur
447 911 644 973 sentenciam
662 911 756 973 istam
773 912 972 974 moderatam
988 932 1056 974 esse
1068 914 1182 975 katho·
1211 931 1228 974 n
1245 931 1264 973 a
1279 938 1330 974 rme
1345 932 1394 974 nn

170 1017 288 1079 Slicanr
305 1030 336 1079 et
353 1016 542 1093 notandam;
559 1035 633 1078 nam
653 1014 730 1078 fides
741 1014 859 1080 Christi
877 1017 971 1078 docet
987 1016 1185 1078 katholicum
1202 983 1406 1096 'il'llrff'i‘lirlff

194 1122 266 1202 plus
288 1120 449 1184 attendere
473 1121 512 1180 ud
538 1118 689 1183 nutritiva
712 1141 748 1183 ac
769 1119 964 1183 edificatoria
984 1121 1025 1182 ad
1046 1121 1183 1183 salutem
1224 1094 1296 1130 nora
1312 1089 1377 1131 m

195 1226 299 1287 anime
310 1244 406 1308 quam
424 1226 578 1306 corporis.
597 1225 698 1287 Aliter
713 1224 799 1286 enim
817 1223 1184 1302 loretinfidelideterior,

195 1330 249 1391 sed
272 1349 395 1413 coquus
413 1350 527 1410 pararis
545 1349 707 1391 venenum
723 1329 858 1391 domino
876 1329 925 1390 vel
942 1330 1032 1391 aliter
1047 1333 1185 1411 prodens

197 1435 299 1515 ipsum
317 1451 372 1496 aut
389 1454 523 1516 regnum
541 1435 635 1496 debet
648 1447 722 1516 post
739 1433 892 1497 noticiam
908 1434 1032 1496 tractari
1054 1450 1088 1496 ut
1105 1453 1182 1516 pro·

156 1539 294 1600 roditor:
326 1559 401 1619 ergo
430 1539 532 1601 multo
561 1539 664 1620 magis
692 1539 872 1620 proditores
901 1538 1008 1599 anime
1041 1539 1182 1600 severius

195 1657 270 1705 sunt
299 1644 465 1705 tractandi.
501 1644 615 1705 Prelati
647 1644 733 1705 enirn
762 1656 793 1704 et
823 1641 926 1704 clerici
956 1656 1031 1705 sunt
1063 1643 1182 1704 nedum

195 1746 289 1828 coqui
323 1748 386 1826 regi
416 1763 445 1810 et
475 1769 573 1830 regno
607 1748 662 1809 sed
692 1748 885 1811 mediatores
915 1748 997 1809 inter
1020 1747 1126 1809 Deum
1153 1761 1183 1809 et

195 1851 292 1932 ipsos,
317 1852 501 1915 oblaciones
526 1854 638 1934 populi
670 1851 804 1915 fideliter
833 1850 1019 1930 offerentes;
1052 1851 1082 1912 in
1116 1871 1182 1934 quo

195 1957 219 2018 si
236 1956 403 2041 defuerint,
420 1957 474 2019 ubi
492 1957 595 2018 maior
610 1951 776 2039 prodicio?
794 1957 915 2018 Dicitur
930 1969 1040 2017 autem
1055 1968 1182 2018 nostros

154 2068 182 2117 ιδ
195 2064 317 2123 mundo
328 2061 443 2124 divites
453 2082 485 2123 se
496 2059 584 2143 ipsos
597 2076 629 2122 et
645 2060 773 2143 plebem
785 2061 931 2143 prodere,
943 2080 1015 2122 cum
1033 2059 1182 2122 ordinant

194 2166 271 2228 tales
303 2180 429 2228 curatos
463 2165 544 2227 inter
568 2165 673 2227 Deum
706 2179 739 2227 et
767 2164 926 2246 populum
955 2165 1094 2226 mediare
1126 2163 1181 2246 qui

194 2270 329 2332 maxime
359 2273 548 2352 elongantur
570 2291 588 2330 a
613 2268 731 2333 Christi
756 2268 1013 2342 conversacione,
1041 2268 1181 2330 maxime

194 2390 341 2437 cecantur
358 2377 388 2436 in
404 2376 584 2455 evangelicu
603 2376 733 2436 veritate
750 2388 781 2436 et
797 2375 934 2436 maxime
953 2372 1182 2436 dissimilantur

192 2481 346 2561 apostolis
370 2481 399 2540 in
425 2479 682 2541 conversacione.
717 2479 907 2559 Quomodo,
937 2478 1080 2561 inquam,
1114 2498 1180 2539 non

151 2604 182 2638 20
192 2585 267 2647 tales
284 2599 315 2647 et
330 2605 440 2646 omnes
458 2585 501 2646 eis
518 2585 723 2646 consentanei
741 2598 892 2666 pararent
910 2583 1045 2646 subditis
1068 2583 1177 2645 cibum

193 2691 344 2768 toxicum,
362 2706 569 2773 procurarent
587 2689 764 2773 proditorie
781 2688 952 2751 vindictam
970 2690 1055 2771 apud
1075 2689 1178 2751 Deum

191 2810 222 2857 et
244 2797 403 2858 tardarent
430 2798 574 2859 volentes
603 2796 710 2858 stricto
739 2795 851 2856 itinere
880 2796 968 2879 sequi
994 2791 1179 2858 Christum?

193 2901 273 2961 Nam
298 2902 458 2983 predicare
483 2902 640 2980 nesciunt,
674 2921 860 2962 consecrare
891 2903 1005 2963 nolunt
1032 2915 1064 2963 et
1086 2921 1178 2962 orare

193 3004 366 3067 fastidiunt.
392 3007 488 3082 Quod
510 3007 535 3067 si
553 3009 630 3069 tales
647 3007 826 3090 quidquam
843 3007 977 3070 istorum
994 3005 1114 3068 faciunt
1138 3006 1177 3066 ad

149 3110 179 3161 25
191 3111 416 3173 detrimentum
431 3112 478 3172 sui
497 3128 526 3174 et
544 3113 668 3194 populi,
686 3132 752 3173 sese
770 3111 897 3190 fallunt3
921 3111 1009 3194 quid,
1034 3112 1177 3193 inquam,

192 3216 271 3277 valet
289 3216 464 3297 predicacio
482 3217 594 3298 prelati
610 3218 666 3300 qui
692 3217 722 3277 in
742 3217 825 3278 lacto
842 3216 899 3278 Dei
916 3215 1018 3278 oderit
1036 3216 1176 3298 discipli·

191 3317 283 3383 nam?
305 3321 390 3396 Quid
409 3323 490 3383 valet
511 3321 579 3382 eius
595 3321 784 3399 celebracio,
810 3321 866 3403 qui
885 3322 914 3383 in
933 3319 1176 3383 conversacione

190 3440 234 3485 est
269 3440 352 3487 tante
383 3426 514 3488 Christo
549 3425 737 3502 contrarius,
773 3440 808 3487 ut
840 3441 916 3508 puta
950 3424 980 3486 in
1014 3424 1176 3507 superflua

191 3528 307 3591 familia
333 3530 460 3592 ecclesie
485 3551 664 3613 pauperum
691 3532 829 3592 maxime
854 3550 1018 3607 onerosus,
1042 3531 1073 3591 in
1099 3531 1175 3591 deli·

147 3636 257 3695 30cata
282 3656 390 3697 mensa
424 3657 487 3696 nou
520 3656 699 3718 pauperum
733 3639 788 3697 sed
816 3636 1008 3697 discolorum
1038 3634 1176 3696 maxime

189 3756 398 3821 sumptuosus
432 3755 462 3801 et
497 3743 528 3801 in
563 3743 782 3822 occupacione
808 3742 971 3802 mundana
995 3755 1176 3802 constanter

188 3841 358 3906 sollicitus?
389 3846 486 3923 Talis,
513 3847 658 3927 inquam,
684 3861 880 3907 memoratur
904 3844 1071 3907 Christum
1094 3846 1175 3906 sicut

239 4048 258 4094 3.
274 4050 306 4093 ll:
326 4050 394 4093 nt'mr's
408 4051 479 4093 deest.
542 4049 563 4093 8.
579 4050 612 4093 t).-
632 4062 720 4106 coquus
730 4050 808 4106 panis.
872 4062 897 4093 tr.
913 4048 944 4094 C:
963 4050 1046 4092 nedum
1061 4050 1084 4093 in
1100 4062 1174 4104 marg.

186 4121 229 4162 alia
239 4133 316 4162 muno.
359 4120 567 4174 incriminata:
578 4121 639 4163 lcoci.
683 4133 714 4171 ¹4·
722 4118 817 4163 nucu:
827 4120 947 4174 perdicem·
957 4119 1070 4163 thano:
1083 4119 1176 4162 Dicitur

185 4196 225 4231 nrt!
302 4189 329 4232 15.
344 4192 395 4233 nu:
414 4189 534 4244 proderet.
600 4202 629 4243 ¹7·
647 4189 678 4231 ll:
698 4190 854 4244 elongentur,-
874 4189 903 4232 ih.
920 4189 952 4231 ll:
972 4189 1172 4232 corrst'deracr'one.

187 4272 217 4312 ru.
234 4261 293 4304 nul-1
302 4276 306 4302 :
322 4274 367 4302 unu
383 4262 453 4302 deest.
496 4273 525 4302 at.
541 4259 571 4304 C:
588 4266 610 4301 et
622 4266 788 4315 procurarent.
830 4258 860 4302 25.
877 4257 969 4302 AllCE:
981 4260 1066 4313 populi
1078 4265 1100 4301 et
1114 4272 1171 4301 sere.

185 4331 218 4372 28.
240 4331 270 4372 ll:
291 4336 325 4372 es!
343 4336 423 4374 caure.-
441 4331 471 4372 ih.
488 4329 516 4372 E:
537 4331 560 4372 r'u
579 4331 687 4384 ratperht.
783 4327 811 4371 31,
833 4329 883 4371 nit:
903 4329 1003 4370 humana
1023 4332 1173 4377 eminenter,

185 4402 215 4443 C:
231 4403 330 4444 correxit
346 4403 368 4443 in
385 4413 456 4454 marg.
473 4401 517 4442 ulia
533 4413 612 4443 manu.
