<?xml version="1.0" encoding="UTF-8"?>
<!DOCTYPE html PUBLIC "-//W3C//DTD XHTML 1.0 Transitional//EN"
    "http://www.w3.org/TR/xhtml1/DTD/xhtml1-transitional.dtd">
<html xmlns="http://www.w3.org/1999/xhtml" xml:lang="en" lang="en">
 <head>
  <title>
</title>
<meta http-equiv="Content-Type" content="text/html;charset=utf-8" />
  <meta name='ocr-system' content='tesseract 3.04.00' />
  <meta name='ocr-capabilities' content='ocr_page ocr_carea ocr_par ocr_line ocrx_word'/>
</head>
<body>
  <div class='ocr_page' id='page_1' title='image "./iohanniswyclifd01losegoog/iohanniswyclifd01losegoog_0170.png"; bbox 0 0 3046 4920; ppageno 0'>
   <div class='ocr_carea' id='block_1_1' title="bbox 228 403 881 492">
    <p class='ocr_par' dir='ltr' id='par_1_1' title="bbox 228 403 881 492">
     <span class='ocr_line' id='line_1_1' title="bbox 228 403 881 492; baseline 0.014 -30"><span class='ocrx_word' id='word_1_1' title='bbox 228 417 297 463; x_wconf 75' lang='lat' dir='ltr'>cnr.</span> <span class='ocrx_word' id='word_1_2' title='bbox 312 403 368 492; x_wconf 67' lang='lat' dir='ltr'>rin]</span> <span class='ocrx_word' id='word_1_3' title='bbox 571 423 617 473; x_wconf 75' lang='lat' dir='ltr'>ne</span> <span class='ocrx_word' id='word_1_4' title='bbox 637 423 881 473; x_wconf 74' lang='lat' dir='ltr'>eocrranrsrrn.</span> 
     </span>
    </p>
   </div>
   <div class='ocr_carea' id='block_1_2' title="bbox 201 578 1400 1395">
    <p class='ocr_par' dir='ltr' id='par_1_2' title="bbox 201 578 1400 1395">
     <span class='ocr_line' id='line_1_2' title="bbox 228 578 1221 661; baseline 0 -20"><span class='ocrx_word' id='word_1_5' title='bbox 228 578 283 661; x_wconf 90' lang='lat' dir='ltr'>qui</span> <span class='ocrx_word' id='word_1_6' title='bbox 308 580 461 643; x_wconf 74' lang='lat' dir='ltr'>celebrat:</span> <span class='ocrx_word' id='word_1_7' title='bbox 487 578 602 642; x_wconf 88' lang='lat' dir='ltr'>Melius</span> <span class='ocrx_word' id='word_1_8' title='bbox 626 579 726 640; x_wconf 86' lang='lat' dir='ltr'>eciam</span> <span class='ocrx_word' id='word_1_9' title='bbox 745 579 917 643; x_wconf 81' lang='lat' dir='ltr'>celebraret</span> <span class='ocrx_word' id='word_1_10' title='bbox 935 580 966 640; x_wconf 91' lang='lat' dir='ltr'>in</span> <span class='ocrx_word' id='word_1_11' title='bbox 983 599 1057 642; x_wconf 87' lang='lat' dir='ltr'>casu</span> <span class='ocrx_word' id='word_1_12' title='bbox 1074 582 1221 642; x_wconf 80' lang='lat' dir='ltr'>sacerdos</span> 
     </span>
     <span class='ocr_line' id='line_1_3' title="bbox 228 681 1217 767; baseline 0.003 -24"><span class='ocrx_word' id='word_1_13' title='bbox 228 683 340 746; x_wconf 86' lang='lat' dir='ltr'>eadem</span> <span class='ocrx_word' id='word_1_14' title='bbox 369 684 422 746; x_wconf 91' lang='lat' dir='ltr'>die</span> <span class='ocrx_word' id='word_1_15' title='bbox 449 681 604 745; x_wconf 88' lang='lat' dir='ltr'>artificiali</span> <span class='ocrx_word' id='word_1_16' title='bbox 628 696 702 765; x_wconf 91' lang='lat' dir='ltr'>post</span> <span class='ocrx_word' id='word_1_17' title='bbox 725 703 844 746; x_wconf 90' lang='lat' dir='ltr'>nonam</span> <span class='ocrx_word' id='word_1_18' title='bbox 868 698 899 747; x_wconf 90' lang='lat' dir='ltr'>et</span> <span class='ocrx_word' id='word_1_19' title='bbox 922 683 1095 766; x_wconf 90' lang='lat' dir='ltr'>prandium</span> <span class='ocrx_word' id='word_1_20' title='bbox 1121 703 1217 767; x_wconf 89' lang='lat' dir='ltr'>quarn</span> 
     </span>
     <span class='ocr_line' id='line_1_4' title="bbox 227 786 1220 872; baseline 0.003 -25"><span class='ocrx_word' id='word_1_21' title='bbox 227 786 383 850; x_wconf 91' lang='lat' dir='ltr'>institutis</span> <span class='ocrx_word' id='word_1_22' title='bbox 413 786 601 850; x_wconf 87' lang='lat' dir='ltr'>humanitus</span> <span class='ocrx_word' id='word_1_23' title='bbox 631 802 921 872; x_wconf 88' lang='lat' dir='ltr'>quantumcunque</span> <span class='ocrx_word' id='word_1_24' title='bbox 950 788 1096 851; x_wconf 89' lang='lat' dir='ltr'>ordinata</span> <span class='ocrx_word' id='word_1_25' title='bbox 1125 808 1220 871; x_wconf 89' lang='lat' dir='ltr'>appa·</span> 
     </span>
     <span class='ocr_line' id='line_1_5' title="bbox 228 890 1220 975; baseline 0.002 -23"><span class='ocrx_word' id='word_1_26' title='bbox 228 890 333 953; x_wconf 86' lang='lat' dir='ltr'>rencia</span> <span class='ocrx_word' id='word_1_27' title='bbox 365 890 568 975; x_wconf 90' lang='lat' dir='ltr'>celebrando,</span> <span class='ocrx_word' id='word_1_28' title='bbox 601 893 685 956; x_wconf 90' lang='lat' dir='ltr'>sicut</span> <span class='ocrx_word' id='word_1_29' title='bbox 720 892 834 955; x_wconf 89' lang='lat' dir='ltr'>melius</span> <span class='ocrx_word' id='word_1_30' title='bbox 867 895 898 955; x_wconf 92' lang='lat' dir='ltr'>in</span> <span class='ocrx_word' id='word_1_31' title='bbox 933 913 1008 956; x_wconf 88' lang='lat' dir='ltr'>casu</span> <span class='ocrx_word' id='word_1_32' title='bbox 1039 893 1220 956; x_wconf 84' lang='lat' dir='ltr'>comederet</span> 
     </span>
     <span class='ocr_line' id='line_1_6' title="bbox 201 994 1218 1081; baseline 0.005 -27"><span class='ocrx_word' id='word_1_33' title='bbox 201 1003 290 1056; x_wconf 67' lang='lat' dir='ltr'>itam</span> <span class='ocrx_word' id='word_1_34' title='bbox 307 994 444 1057; x_wconf 87' lang='lat' dir='ltr'>clericus</span> <span class='ocrx_word' id='word_1_35' title='bbox 469 1013 565 1080; x_wconf 87' lang='lat' dir='ltr'>quam</span> <span class='ocrx_word' id='word_1_36' title='bbox 590 996 702 1080; x_wconf 87' lang='lat' dir='ltr'>laycus</span> <span class='ocrx_word' id='word_1_37' title='bbox 727 1016 847 1080; x_wconf 89' lang='lat' dir='ltr'>corpus</span> <span class='ocrx_word' id='word_1_38' title='bbox 864 995 998 1079; x_wconf 85' lang='lat' dir='ltr'>Christi,</span> <span class='ocrx_word' id='word_1_39' title='bbox 1022 996 1218 1081; x_wconf 90' lang='lat' dir='ltr'>predicando</span> 
     </span>
     <span class='ocr_line' id='line_1_7' title="bbox 226 1097 1218 1187; baseline 0.005 -29"><span class='ocrx_word' id='word_1_40' title='bbox 226 1097 275 1160; x_wconf 86' lang='lat' dir='ltr'>vel</span> <span class='ocrx_word' id='word_1_41' title='bbox 297 1117 381 1182; x_wconf 90' lang='lat' dir='ltr'>opus</span> <span class='ocrx_word' id='word_1_42' title='bbox 402 1099 606 1164; x_wconf 89' lang='lat' dir='ltr'>meritorium</span> <span class='ocrx_word' id='word_1_43' title='bbox 625 1101 773 1165; x_wconf 85' lang='lat' dir='ltr'>faciendo</span> <span class='ocrx_word' id='word_1_44' title='bbox 789 1121 887 1185; x_wconf 90' lang='lat' dir='ltr'>quam</span> <span class='ocrx_word' id='word_1_45' title='bbox 905 1099 1120 1182; x_wconf 87' lang='lat' dir='ltr'>conficiendo,</span> <span class='ocrx_word' id='word_1_46' title='bbox 1144 1101 1218 1187; x_wconf 90' lang='lat' dir='ltr'>quia</span> 
     </span>
     <span class='ocr_line' id='line_1_8' title="bbox 223 1202 931 1284; baseline 0.007 -19"><span class='ocrx_word' id='word_1_47' title='bbox 223 1202 386 1284; x_wconf 80' lang='lat' dir='ltr'>copiosius</span> <span class='ocrx_word' id='word_1_48' title='bbox 411 1204 543 1269; x_wconf 90' lang='lat' dir='ltr'>haberet</span> <span class='ocrx_word' id='word_1_49' title='bbox 566 1204 731 1270; x_wconf 87' lang='lat' dir='ltr'>Christum</span> <span class='ocrx_word' id='word_1_50' title='bbox 757 1207 788 1268; x_wconf 91' lang='lat' dir='ltr'>in</span> <span class='ocrx_word' id='word_1_51' title='bbox 813 1206 931 1270; x_wconf 83' lang='lat' dir='ltr'>anima.</span> 
     </span>
     <span class='ocr_line' id='line_1_9' title="bbox 266 1307 1400 1395; baseline 0.005 -24"><span class='ocrx_word' id='word_1_52' title='bbox 266 1307 417 1372; x_wconf 88' lang='lat' dir='ltr'>Secundo</span> <span class='ocrx_word' id='word_1_53' title='bbox 441 1310 580 1374; x_wconf 90' lang='lat' dir='ltr'>obicitur</span> <span class='ocrx_word' id='word_1_54' title='bbox 602 1331 659 1393; x_wconf 89' lang='lat' dir='ltr'>per</span> <span class='ocrx_word' id='word_1_55' title='bbox 676 1311 738 1374; x_wconf 91' lang='lat' dir='ltr'>hoc</span> <span class='ocrx_word' id='word_1_56' title='bbox 755 1311 846 1395; x_wconf 92' lang='lat' dir='ltr'>quod</span> <span class='ocrx_word' id='word_1_57' title='bbox 863 1309 1026 1374; x_wconf 84' lang='lat' dir='ltr'>Mattheus</span> <span class='ocrx_word' id='word_1_58' title='bbox 1042 1324 1072 1374; x_wconf 93' lang='lat' dir='ltr'>et</span> <span class='ocrx_word' id='word_1_59' title='bbox 1089 1311 1217 1374; x_wconf 88' lang='lat' dir='ltr'>Marcus</span> <span class='ocrx_word' id='word_1_60' title='bbox 1263 1321 1400 1377; x_wconf 74' lang='lat' dir='ltr'>Obiectionz</span> 
     </span>
    </p>
   </div>
   <div class='ocr_carea' id='block_1_3' title="bbox 224 1374 1425 1499">
    <p class='ocr_par' dir='ltr' id='par_1_3' title="bbox 224 1374 1425 1499">
     <span class='ocr_line' id='line_1_10' title="bbox 224 1374 1425 1499; baseline 0.002 -24"><span class='ocrx_word' id='word_1_61' title='bbox 224 1427 352 1477; x_wconf 88' lang='lat' dir='ltr'>narrant</span> <span class='ocrx_word' id='word_1_62' title='bbox 379 1415 547 1499; x_wconf 90' lang='lat' dir='ltr'>quomodo</span> <span class='ocrx_word' id='word_1_63' title='bbox 571 1413 719 1479; x_wconf 91' lang='lat' dir='ltr'>Christus</span> <span class='ocrx_word' id='word_1_64' title='bbox 747 1416 870 1498; x_wconf 84' lang='lat' dir='ltr'>accepit</span> <span class='ocrx_word' id='word_1_65' title='bbox 892 1435 1028 1498; x_wconf 80' lang='lat' dir='ltr'>panem,</span> <span class='ocrx_word' id='word_1_66' title='bbox 1056 1415 1216 1479; x_wconf 80' lang='lat' dir='ltr'>benedixit</span> <span class='ocrx_word' id='word_1_67' title='bbox 1240 1374 1425 1473; x_wconf 51' lang='lat' dir='ltr'>cqqgrbqqffica</span> 
     </span>
    </p>
   </div>
   <div class='ocr_carea' id='block_1_4' title="bbox 1231 1480 1431 1526">
    <p class='ocr_par' dir='ltr' id='par_1_4' title="bbox 1231 1480 1431 1526">
     <span class='ocr_line' id='line_1_11' title="bbox 1231 1480 1431 1526; baseline 0.005 -3"><span class='ocrx_word' id='word_1_68' title='bbox 1231 1480 1309 1524; x_wconf 81' lang='lat' dir='ltr'>before</span> <span class='ocrx_word' id='word_1_69' title='bbox 1324 1480 1359 1526; x_wconf 82' lang='lat' dir='ltr'>ilc</span> <span class='ocrx_word' id='word_1_70' title='bbox 1374 1482 1431 1524; x_wconf 83' lang='lat' dir='ltr'>used</span> 
     </span>
    </p>
   </div>
   <div class='ocr_carea' id='block_1_5' title="bbox 178 1515 1420 2128">
    <p class='ocr_par' dir='ltr' id='par_1_5' title="bbox 182 1515 1420 2003">
     <span class='ocr_line' id='line_1_12' title="bbox 182 1515 1420 1631; baseline 0.002 -55"><span class='ocrx_word' id='word_1_71' title='bbox 182 1543 212 1576; x_wconf 83' lang='grc' dir='ltr'>ιο</span> <span class='ocrx_word' id='word_1_72' title='bbox 215 1515 327 1602; x_wconf 68' lang='lat' dir='ltr'>fregit</span> <span class='ocrx_word' id='word_1_73' title='bbox 351 1529 382 1581; x_wconf 92' lang='lat' dir='ltr'>ct</span> <span class='ocrx_word' id='word_1_74' title='bbox 409 1519 506 1582; x_wconf 81' lang='lat' dir='ltr'>dixit:</span> <span class='ocrx_word' id='word_1_75' title='bbox 538 1520 678 1602; x_wconf 77' lang='lat' dir='ltr'>Accipite</span> <span class='ocrx_word' id='word_1_76' title='bbox 706 1529 737 1582; x_wconf 86' lang='lat' dir='ltr'>et</span> <span class='ocrx_word' id='word_1_77' title='bbox 758 1519 920 1597; x_wconf 81' lang='lat' dir='ltr'>comedite,</span> <span class='ocrx_word' id='word_1_78' title='bbox 947 1520 1005 1582; x_wconf 84' lang='lat' dir='ltr'>hoc</span> <span class='ocrx_word' id='word_1_79' title='bbox 1028 1530 1077 1583; x_wconf 90' lang='lat' dir='ltr'>est</span> <span class='ocrx_word' id='word_1_80' title='bbox 1097 1539 1215 1603; x_wconf 82' lang='lat' dir='ltr'>corpus</span> <span class='ocrx_word' id='word_1_81' title='bbox 1244 1533 1420 1631; x_wconf 41' lang='lat' dir='ltr'>ffqqsrequqqoqr</span> 
     </span>
     <span class='ocr_line' id='line_1_13' title="bbox 222 1615 1415 1700; baseline 0.003 -17"><span class='ocrx_word' id='word_1_82' title='bbox 222 1640 340 1700; x_wconf 75' lang='lat' dir='ltr'>ineunt,</span> <span class='ocrx_word' id='word_1_83' title='bbox 357 1623 412 1686; x_wconf 92' lang='lat' dir='ltr'>ubi</span> <span class='ocrx_word' id='word_1_84' title='bbox 429 1623 556 1687; x_wconf 89' lang='lat' dir='ltr'>videtur</span> <span class='ocrx_word' id='word_1_85' title='bbox 573 1624 757 1687; x_wconf 90' lang='lat' dir='ltr'>benediccio</span> <span class='ocrx_word' id='word_1_86' title='bbox 774 1622 893 1687; x_wconf 87' lang='lat' dir='ltr'>Christi</span> <span class='ocrx_word' id='word_1_87' title='bbox 917 1624 1011 1687; x_wconf 89' lang='lat' dir='ltr'>nobis</span> <span class='ocrx_word' id='word_1_88' title='bbox 1028 1625 1214 1689; x_wconf 87' lang='lat' dir='ltr'>abscondita</span> <span class='ocrx_word' id='word_1_89' title='bbox 1343 1615 1349 1628; x_wconf 65' lang='lat'>⁸</span> <span class='ocrx_word' id='word_1_90' title='bbox 1410 1616 1415 1628; x_wconf 81' lang='grc'>’</span> 
     </span>
     <span class='ocr_line' id='line_1_14' title="bbox 220 1728 1214 1813; baseline 0.003 -25"><span class='ocrx_word' id='word_1_91' title='bbox 220 1728 392 1808; x_wconf 87' lang='lat' dir='ltr'>precedere</span> <span class='ocrx_word' id='word_1_92' title='bbox 424 1730 522 1791; x_wconf 88' lang='lat' dir='ltr'>verba</span> <span class='ocrx_word' id='word_1_93' title='bbox 556 1748 619 1812; x_wconf 91' lang='lat' dir='ltr'>que</span> <span class='ocrx_word' id='word_1_94' title='bbox 660 1749 717 1793; x_wconf 93' lang='lat' dir='ltr'>nos</span> <span class='ocrx_word' id='word_1_95' title='bbox 753 1728 907 1813; x_wconf 90' lang='lat' dir='ltr'>ponimus</span> <span class='ocrx_word' id='word_1_96' title='bbox 945 1730 1214 1805; x_wconf 88' lang='lat' dir='ltr'>consecracionis;</span> 
     </span>
     <span class='ocr_line' id='line_1_15' title="bbox 219 1831 1214 1918; baseline 0.004 -26"><span class='ocrx_word' id='word_1_97' title='bbox 219 1831 310 1894; x_wconf 89' lang='lat' dir='ltr'>aliter</span> <span class='ocrx_word' id='word_1_98' title='bbox 332 1834 419 1896; x_wconf 89' lang='lat' dir='ltr'>enim</span> <span class='ocrx_word' id='word_1_99' title='bbox 445 1853 511 1897; x_wconf 90' lang='lat' dir='ltr'>non</span> <span class='ocrx_word' id='word_1_100' title='bbox 527 1853 739 1918; x_wconf 88' lang='lat' dir='ltr'>sequeremur</span> <span class='ocrx_word' id='word_1_101' title='bbox 756 1833 923 1898; x_wconf 86' lang='lat' dir='ltr'>Christum</span> <span class='ocrx_word' id='word_1_102' title='bbox 941 1833 1120 1917; x_wconf 78' lang='lat' dir='ltr'>frangendo</span> <span class='ocrx_word' id='word_1_103' title='bbox 1140 1848 1214 1917; x_wconf 90' lang='lat' dir='ltr'>post</span> 
     </span>
     <span class='ocr_line' id='line_1_16' title="bbox 219 1935 877 2003; baseline 0.006 -4"><span class='ocrx_word' id='word_1_104' title='bbox 219 1935 460 2001; x_wconf 87' lang='lat' dir='ltr'>confeccionem</span> <span class='ocrx_word' id='word_1_105' title='bbox 485 1938 624 2002; x_wconf 87' lang='lat' dir='ltr'>hostiam</span> <span class='ocrx_word' id='word_1_106' title='bbox 649 1951 877 2003; x_wconf 88' lang='lat' dir='ltr'>consecratam.</span> 
     </span>
    </p>

    <p class='ocr_par' dir='ltr' id='par_1_6' title="bbox 178 2041 1420 2128">
     <span class='ocr_line' id='line_1_17' title="bbox 178 2041 1420 2128; baseline -0.001 -26"><span class='ocrx_word' id='word_1_107' title='bbox 178 2052 207 2103; x_wconf 79' lang='lat'>15</span> <span class='ocrx_word' id='word_1_108' title='bbox 262 2041 323 2104; x_wconf 88' lang='lat' dir='ltr'>Hic</span> <span class='ocrx_word' id='word_1_109' title='bbox 348 2042 465 2106; x_wconf 90' lang='lat' dir='ltr'>dicitur</span> <span class='ocrx_word' id='word_1_110' title='bbox 486 2044 577 2126; x_wconf 89' lang='lat' dir='ltr'>quod</span> <span class='ocrx_word' id='word_1_111' title='bbox 602 2044 789 2106; x_wconf 90' lang='lat' dir='ltr'>benedicere</span> <span class='ocrx_word' id='word_1_112' title='bbox 813 2044 970 2126; x_wconf 90' lang='lat' dir='ltr'>accipitur</span> <span class='ocrx_word' id='word_1_113' title='bbox 994 2043 1025 2106; x_wconf 93' lang='lat' dir='ltr'>in</span> <span class='ocrx_word' id='word_1_114' title='bbox 1044 2044 1210 2128; x_wconf 88' lang='lat' dir='ltr'>proposito</span> <span class='ocrx_word' id='word_1_115' title='bbox 1243 2055 1303 2102; x_wconf 79' lang='lat' dir='ltr'>turs</span> <span class='ocrx_word' id='word_1_116' title='bbox 1318 2059 1420 2113; x_wconf 64' lang='lat' dir='ltr'>messing</span> 
     </span>
    </p>
   </div>
   <div class='ocr_carea' id='block_1_6' title="bbox 218 2112 1420 2231">
    <p class='ocr_par' dir='ltr' id='par_1_7' title="bbox 218 2112 1420 2231">
     <span class='ocr_line' id='line_1_18' title="bbox 218 2112 1420 2231; baseline 0.005 -21"><span class='ocrx_word' id='word_1_117' title='bbox 218 2165 275 2228; x_wconf 91' lang='lat' dir='ltr'>pro</span> <span class='ocrx_word' id='word_1_118' title='bbox 307 2147 429 2230; x_wconf 81' lang='lat' dir='ltr'>gracias</span> <span class='ocrx_word' id='word_1_119' title='bbox 462 2168 568 2230; x_wconf 81' lang='lat' dir='ltr'>agere,</span> <span class='ocrx_word' id='word_1_120' title='bbox 602 2149 702 2211; x_wconf 89' lang='lat' dir='ltr'>modo</span> <span class='ocrx_word' id='word_1_121' title='bbox 734 2168 802 2231; x_wconf 92' lang='lat' dir='ltr'>quo</span> <span class='ocrx_word' id='word_1_122' title='bbox 834 2149 940 2211; x_wconf 89' lang='lat' dir='ltr'>omnis</span> <span class='ocrx_word' id='word_1_123' title='bbox 978 2164 1122 2212; x_wconf 84' lang='lat' dir='ltr'>creatura</span> <span class='ocrx_word' id='word_1_124' title='bbox 1155 2150 1210 2211; x_wconf 90' lang='lat' dir='ltr'>sed</span> <span class='ocrx_word' id='word_1_125' title='bbox 1234 2112 1420 2224; x_wconf 60' lang='lat' dir='ltr'>iiiiiit&#39;iiii</span> 
     </span>
    </p>
   </div>
   <div class='ocr_carea' id='block_1_7' title="bbox 167 2226 1397 3594">
    <p class='ocr_par' dir='ltr' id='par_1_8' title="bbox 167 2226 1397 3594">
     <span class='ocr_line' id='line_1_19' title="bbox 217 2226 1397 2334; baseline -0.003 -21"><span class='ocrx_word' id='word_1_126' title='bbox 217 2253 369 2334; x_wconf 90' lang='lat' dir='ltr'>precipue</span> <span class='ocrx_word' id='word_1_127' title='bbox 399 2252 566 2316; x_wconf 77' lang='lat' dir='ltr'>rationalis</span> <span class='ocrx_word' id='word_1_128' title='bbox 601 2252 759 2316; x_wconf 90' lang='lat' dir='ltr'>benedicit</span> <span class='ocrx_word' id='word_1_129' title='bbox 788 2254 901 2317; x_wconf 88' lang='lat' dir='ltr'>Deum.</span> <span class='ocrx_word' id='word_1_130' title='bbox 940 2254 1035 2318; x_wconf 89' lang='lat' dir='ltr'>Unde</span> <span class='ocrx_word' id='word_1_131' title='bbox 1068 2254 1098 2317; x_wconf 92' lang='lat' dir='ltr'>in</span> <span class='ocrx_word' id='word_1_132' title='bbox 1133 2274 1208 2315; x_wconf 87' lang='lat' dir='ltr'>con·</span> <span class='ocrx_word' id='word_1_133' title='bbox 1252 2226 1397 2310; x_wconf 55' lang='lat' dir='ltr'>“illl-if*</span> 
     </span>
     <span class='ocr_line' id='line_1_20' title="bbox 217 2353 1210 2432; baseline 0.001 -15"><span class='ocrx_word' id='word_1_134' title='bbox 217 2353 441 2419; x_wconf 83' lang='lat' dir='ltr'>firmacionem</span> <span class='ocrx_word' id='word_1_135' title='bbox 464 2357 555 2420; x_wconf 89' lang='lat' dir='ltr'>istius</span> <span class='ocrx_word' id='word_1_136' title='bbox 578 2357 749 2432; x_wconf 89' lang='lat' dir='ltr'>sentencie,</span> <span class='ocrx_word' id='word_1_137' title='bbox 775 2358 829 2420; x_wconf 92' lang='lat' dir='ltr'>ubi</span> <span class='ocrx_word' id='word_1_138' title='bbox 850 2358 1014 2421; x_wconf 87' lang='lat' dir='ltr'>Mattheus</span> <span class='ocrx_word' id='word_1_139' title='bbox 1038 2371 1069 2420; x_wconf 89' lang='lat' dir='ltr'>et</span> <span class='ocrx_word' id='word_1_140' title='bbox 1086 2358 1210 2419; x_wconf 85' lang='lat' dir='ltr'>Marcus</span> 
     </span>
     <span class='ocr_line' id='line_1_21' title="bbox 216 2461 1209 2525; baseline 0.003 -4"><span class='ocrx_word' id='word_1_141' title='bbox 216 2461 328 2524; x_wconf 89' lang='lat' dir='ltr'>dicunt</span> <span class='ocrx_word' id='word_1_142' title='bbox 360 2461 525 2525; x_wconf 84' lang='lat' dir='ltr'>benedixit</span> <span class='ocrx_word' id='word_1_143' title='bbox 556 2463 657 2525; x_wconf 83' lang='lat' dir='ltr'>Lucas</span> <span class='ocrx_word' id='word_1_144' title='bbox 691 2476 723 2525; x_wconf 91' lang='lat' dir='ltr'>et</span> <span class='ocrx_word' id='word_1_145' title='bbox 755 2462 873 2525; x_wconf 89' lang='lat' dir='ltr'>Paulus</span> <span class='ocrx_word' id='word_1_146' title='bbox 906 2463 1033 2525; x_wconf 88' lang='lat' dir='ltr'>dicunt:</span> <span class='ocrx_word' id='word_1_147' title='bbox 1073 2461 1209 2525; x_wconf 74' lang='lat' dir='ltr'>Gratias</span> 
     </span>
     <span class='ocr_line' id='line_1_22' title="bbox 173 2565 1208 2652; baseline 0.002 -26"><span class='ocrx_word' id='word_1_148' title='bbox 173 2592 205 2626; x_wconf 81' lang='lat'>20</span> <span class='ocrx_word' id='word_1_149' title='bbox 215 2565 280 2649; x_wconf 79' lang='lat' dir='ltr'>egit</span> <span class='ocrx_word' id='word_1_150' title='bbox 296 2568 343 2628; x_wconf 87' lang='lat' dir='ltr'>vel</span> <span class='ocrx_word' id='word_1_151' title='bbox 367 2569 503 2651; x_wconf 81' lang='lat' dir='ltr'>grecias</span> <span class='ocrx_word' id='word_1_152' title='bbox 517 2586 621 2652; x_wconf 77' lang='lat' dir='ltr'>agene</span> <span class='ocrx_word' id='word_1_153' title='bbox 629 2567 754 2652; x_wconf 78' lang='lat' dir='ltr'>fregit,</span> <span class='ocrx_word' id='word_1_154' title='bbox 777 2582 808 2630; x_wconf 90' lang='lat' dir='ltr'>et</span> <span class='ocrx_word' id='word_1_155' title='bbox 826 2568 857 2630; x_wconf 90' lang='lat' dir='ltr'>in</span> <span class='ocrx_word' id='word_1_156' title='bbox 876 2568 937 2631; x_wconf 90' lang='lat' dir='ltr'>isto</span> <span class='ocrx_word' id='word_1_157' title='bbox 955 2587 1014 2630; x_wconf 91' lang='lat' dir='ltr'>nos</span> <span class='ocrx_word' id='word_1_158' title='bbox 1031 2567 1208 2631; x_wconf 88' lang='lat' dir='ltr'>sacerdotes</span> 
     </span>
     <span class='ocr_line' id='line_1_23' title="bbox 214 2666 1206 2754; baseline 0 -22"><span class='ocrx_word' id='word_1_159' title='bbox 214 2666 378 2733; x_wconf 89' lang='lat' dir='ltr'>Christum</span> <span class='ocrx_word' id='word_1_160' title='bbox 403 2672 573 2754; x_wconf 87' lang='lat' dir='ltr'>sequimur</span> <span class='ocrx_word' id='word_1_161' title='bbox 594 2672 695 2734; x_wconf 91' lang='lat' dir='ltr'>modo</span> <span class='ocrx_word' id='word_1_162' title='bbox 719 2686 846 2751; x_wconf 90' lang='lat' dir='ltr'>nostro;</span> <span class='ocrx_word' id='word_1_163' title='bbox 874 2673 1032 2734; x_wconf 90' lang='lat' dir='ltr'>debemus</span> <span class='ocrx_word' id='word_1_164' title='bbox 1061 2671 1146 2733; x_wconf 90' lang='lat' dir='ltr'>enim</span> <span class='ocrx_word' id='word_1_165' title='bbox 1176 2672 1206 2732; x_wconf 90' lang='lat' dir='ltr'>in</span> 
     </span>
     <span class='ocr_line' id='line_1_24' title="bbox 213 2775 1204 2860; baseline 0.004 -26"><span class='ocrx_word' id='word_1_166' title='bbox 213 2775 364 2838; x_wconf 90' lang='lat' dir='ltr'>omnibus</span> <span class='ocrx_word' id='word_1_167' title='bbox 381 2776 533 2857; x_wconf 89' lang='lat' dir='ltr'>operibus</span> <span class='ocrx_word' id='word_1_168' title='bbox 553 2777 672 2840; x_wconf 89' lang='lat' dir='ltr'>nostris</span> <span class='ocrx_word' id='word_1_169' title='bbox 692 2776 781 2860; x_wconf 89' lang='lat' dir='ltr'>sequi</span> <span class='ocrx_word' id='word_1_170' title='bbox 799 2775 981 2857; x_wconf 88' lang='lat' dir='ltr'>Christom;</span> <span class='ocrx_word' id='word_1_171' title='bbox 1001 2778 1049 2839; x_wconf 84' lang='lat' dir='ltr'>vel</span> <span class='ocrx_word' id='word_1_172' title='bbox 1066 2775 1204 2859; x_wconf 91' lang='lat' dir='ltr'>quadam</span> 
     </span>
     <span class='ocr_line' id='line_1_25' title="bbox 213 2880 1205 2966; baseline 0.006 -28"><span class='ocrx_word' id='word_1_173' title='bbox 213 2880 397 2963; x_wconf 92' lang='lat' dir='ltr'>propinqua</span> <span class='ocrx_word' id='word_1_174' title='bbox 421 2881 641 2960; x_wconf 88' lang='lat' dir='ltr'>similitudine,</span> <span class='ocrx_word' id='word_1_175' title='bbox 673 2896 708 2944; x_wconf 93' lang='lat' dir='ltr'>ut</span> <span class='ocrx_word' id='word_1_176' title='bbox 731 2882 839 2966; x_wconf 91' lang='lat' dir='ltr'>quoad</span> <span class='ocrx_word' id='word_1_177' title='bbox 867 2901 967 2964; x_wconf 85' lang='lat' dir='ltr'>opera</span> <span class='ocrx_word' id='word_1_178' title='bbox 997 2880 1205 2945; x_wconf 88' lang='lat' dir='ltr'>humanitatis</span> 
     </span>
     <span class='ocr_line' id='line_1_26' title="bbox 211 2986 1203 3070; baseline 0.003 -26"><span class='ocrx_word' id='word_1_179' title='bbox 211 3003 267 3045; x_wconf 89' lang='lat' dir='ltr'>sue</span> <span class='ocrx_word' id='word_1_180' title='bbox 292 2986 342 3047; x_wconf 91' lang='lat' dir='ltr'>vel</span> <span class='ocrx_word' id='word_1_181' title='bbox 366 2986 508 3068; x_wconf 89' lang='lat' dir='ltr'>quadam</span> <span class='ocrx_word' id='word_1_182' title='bbox 524 2988 657 3069; x_wconf 80' lang='lat' dir='ltr'>analoga</span> <span class='ocrx_word' id='word_1_183' title='bbox 681 2987 894 3069; x_wconf 92' lang='lat' dir='ltr'>proporcione</span> <span class='ocrx_word' id='word_1_184' title='bbox 920 3001 954 3049; x_wconf 93' lang='lat' dir='ltr'>ut</span> <span class='ocrx_word' id='word_1_185' title='bbox 975 2987 1085 3069; x_wconf 91' lang='lat' dir='ltr'>quoad</span> <span class='ocrx_word' id='word_1_186' title='bbox 1108 3006 1203 3070; x_wconf 93' lang='lat' dir='ltr'>opera</span> 
     </span>
     <span class='ocr_line' id='line_1_27' title="bbox 167 3087 1202 3175; baseline 0 -22"><span class='ocrx_word' id='word_1_187' title='bbox 167 3102 200 3155; x_wconf 81' lang='lat'>25</span> <span class='ocrx_word' id='word_1_188' title='bbox 211 3087 388 3152; x_wconf 88' lang='lat' dir='ltr'>divinitatis</span> <span class='ocrx_word' id='word_1_189' title='bbox 407 3105 439 3153; x_wconf 91' lang='lat' dir='ltr'>et</span> <span class='ocrx_word' id='word_1_190' title='bbox 457 3089 708 3173; x_wconf 77' lang='lat' dir='ltr'>primogeniture</span> <span class='ocrx_word' id='word_1_191' title='bbox 724 3113 792 3169; x_wconf 90' lang='lat' dir='ltr'>soe,</span> <span class='ocrx_word' id='word_1_192' title='bbox 806 3106 836 3154; x_wconf 90' lang='lat' dir='ltr'>et</span> <span class='ocrx_word' id='word_1_193' title='bbox 850 3091 966 3154; x_wconf 91' lang='lat' dir='ltr'>diversi</span> <span class='ocrx_word' id='word_1_194' title='bbox 982 3092 1101 3154; x_wconf 91' lang='lat' dir='ltr'>debent</span> <span class='ocrx_word' id='word_1_195' title='bbox 1112 3090 1202 3175; x_wconf 90' lang='lat' dir='ltr'>sequi</span> 
     </span>
     <span class='ocr_line' id='line_1_28' title="bbox 210 3195 1203 3279; baseline 0.004 -25"><span class='ocrx_word' id='word_1_196' title='bbox 210 3213 285 3255; x_wconf 89' lang='lat' dir='ltr'>eum</span> <span class='ocrx_word' id='word_1_197' title='bbox 328 3195 544 3257; x_wconf 80' lang='lat' dir='ltr'>diversimode</span> <span class='ocrx_word' id='word_1_198' title='bbox 587 3196 766 3258; x_wconf 90' lang='lat' dir='ltr'>secundum</span> <span class='ocrx_word' id='word_1_199' title='bbox 802 3196 890 3279; x_wconf 88' lang='lat' dir='ltr'>quod</span> <span class='ocrx_word' id='word_1_200' title='bbox 928 3195 1074 3260; x_wconf 88' lang='lat' dir='ltr'>Christus</span> <span class='ocrx_word' id='word_1_201' title='bbox 1111 3195 1203 3258; x_wconf 90' lang='lat' dir='ltr'>debet</span> 
     </span>
     <span class='ocr_line' id='line_1_29' title="bbox 209 3300 1201 3384; baseline 0.001 -24"><span class='ocrx_word' id='word_1_202' title='bbox 209 3318 276 3361; x_wconf 86' lang='lat' dir='ltr'>esse</span> <span class='ocrx_word' id='word_1_203' title='bbox 300 3301 408 3381; x_wconf 83' lang='lat' dir='ltr'>regula</span> <span class='ocrx_word' id='word_1_204' title='bbox 433 3315 536 3364; x_wconf 90' lang='lat' dir='ltr'>status</span> <span class='ocrx_word' id='word_1_205' title='bbox 560 3300 620 3380; x_wconf 92' lang='lat' dir='ltr'>sui,</span> <span class='ocrx_word' id='word_1_206' title='bbox 653 3316 688 3364; x_wconf 92' lang='lat' dir='ltr'>ut</span> <span class='ocrx_word' id='word_1_207' title='bbox 718 3300 825 3384; x_wconf 87' lang='lat' dir='ltr'>posito</span> <span class='ocrx_word' id='word_1_208' title='bbox 853 3303 935 3364; x_wconf 91' lang='lat' dir='ltr'>duce</span> <span class='ocrx_word' id='word_1_209' title='bbox 963 3300 1118 3364; x_wconf 87' lang='lat' dir='ltr'>exercitus</span> <span class='ocrx_word' id='word_1_210' title='bbox 1146 3301 1201 3383; x_wconf 91' lang='lat' dir='ltr'>qui</span> 
     </span>
     <span class='ocr_line' id='line_1_30' title="bbox 208 3405 1201 3488; baseline 0.004 -23"><span class='ocrx_word' id='word_1_211' title='bbox 208 3423 308 3467; x_wconf 90' lang='lat' dir='ltr'>errare</span> <span class='ocrx_word' id='word_1_212' title='bbox 345 3425 410 3466; x_wconf 89' lang='lat' dir='ltr'>non</span> <span class='ocrx_word' id='word_1_213' title='bbox 443 3405 563 3488; x_wconf 89' lang='lat' dir='ltr'>poterit</span> <span class='ocrx_word' id='word_1_214' title='bbox 599 3419 631 3468; x_wconf 91' lang='lat' dir='ltr'>et</span> <span class='ocrx_word' id='word_1_215' title='bbox 663 3425 762 3488; x_wconf 89' lang='lat' dir='ltr'>quem</span> <span class='ocrx_word' id='word_1_216' title='bbox 794 3427 901 3468; x_wconf 90' lang='lat' dir='ltr'>severe</span> <span class='ocrx_word' id='word_1_217' title='bbox 943 3405 1123 3468; x_wconf 89' lang='lat' dir='ltr'>iniunctum</span> <span class='ocrx_word' id='word_1_218' title='bbox 1155 3421 1201 3469; x_wconf 91' lang='lat' dir='ltr'>est</span> 
     </span>
     <span class='ocr_line' id='line_1_31' title="bbox 207 3509 1201 3594; baseline 0.003 -24"><span class='ocrx_word' id='word_1_219' title='bbox 207 3509 374 3591; x_wconf 92' lang='lat' dir='ltr'>quodlibet</span> <span class='ocrx_word' id='word_1_220' title='bbox 399 3512 582 3573; x_wconf 89' lang='lat' dir='ltr'>membrum</span> <span class='ocrx_word' id='word_1_221' title='bbox 606 3512 763 3574; x_wconf 86' lang='lat' dir='ltr'>exercitus</span> <span class='ocrx_word' id='word_1_222' title='bbox 786 3510 877 3594; x_wconf 88' lang='lat' dir='ltr'>sequi</span> <span class='ocrx_word' id='word_1_223' title='bbox 902 3512 1001 3573; x_wconf 90' lang='lat' dir='ltr'>modo</span> <span class='ocrx_word' id='word_1_224' title='bbox 1021 3531 1092 3590; x_wconf 91' lang='lat' dir='ltr'>suo,</span> <span class='ocrx_word' id='word_1_225' title='bbox 1116 3525 1201 3592; x_wconf 86' lang='lat' dir='ltr'>patet</span> 
     </span>
    </p>
   </div>
   <div class='ocr_carea' id='block_1_8' title="bbox 164 3615 1198 3699">
    <p class='ocr_par' dir='ltr' id='par_1_9' title="bbox 164 3615 1198 3699">
     <span class='ocr_line' id='line_1_32' title="bbox 164 3615 1198 3699; baseline -0.003 -21"><span class='ocrx_word' id='word_1_226' title='bbox 164 3616 296 3696; x_wconf 86' lang='lat' dir='ltr'>3oquod</span> <span class='ocrx_word' id='word_1_227' title='bbox 329 3615 427 3698; x_wconf 89' lang='lat' dir='ltr'>aliqui</span> <span class='ocrx_word' id='word_1_228' title='bbox 460 3631 670 3699; x_wconf 88' lang='lat' dir='ltr'>sequerentur</span> <span class='ocrx_word' id='word_1_229' title='bbox 704 3636 769 3678; x_wconf 90' lang='lat' dir='ltr'>uno</span> <span class='ocrx_word' id='word_1_230' title='bbox 799 3616 923 3680; x_wconf 89' lang='lat' dir='ltr'>incessu</span> <span class='ocrx_word' id='word_1_231' title='bbox 951 3630 982 3678; x_wconf 89' lang='lat' dir='ltr'>et</span> <span class='ocrx_word' id='word_1_232' title='bbox 1005 3616 1101 3699; x_wconf 90' lang='lat' dir='ltr'>aliqui</span> <span class='ocrx_word' id='word_1_233' title='bbox 1126 3616 1198 3690; x_wconf 86' lang='lat' dir='ltr'>olio,</span> 
     </span>
    </p>
   </div>
   <div class='ocr_carea' id='block_1_9' title="bbox 202 3852 1197 4261">
    <p class='ocr_par' dir='ltr' id='par_1_10' title="bbox 202 3852 1197 4261">
     <span class='ocr_line' id='line_1_33' title="bbox 257 3852 1196 3911; baseline 0 -14"><span class='ocrx_word' id='word_1_234' title='bbox 257 3852 277 3897; x_wconf 79' lang='lat'>5.</span> <span class='ocrx_word' id='word_1_235' title='bbox 298 3852 329 3897; x_wconf 91' lang='lat' dir='ltr'>C:</span> <span class='ocrx_word' id='word_1_236' title='bbox 347 3855 497 3910; x_wconf 69' lang='lat' dir='ltr'>prnndcndo.</span> <span class='ocrx_word' id='word_1_237' title='bbox 582 3870 603 3911; x_wconf 75' lang='lat'>9.</span> <span class='ocrx_word' id='word_1_238' title='bbox 624 3855 655 3899; x_wconf 83' lang='lat' dir='ltr'>E:</span> <span class='ocrx_word' id='word_1_239' title='bbox 675 3861 768 3899; x_wconf 71' lang='lat' dir='ltr'>narrat.</span> <span class='ocrx_word' id='word_1_240' title='bbox 855 3866 883 3899; x_wconf 81' lang='lat' dir='ltr'>ra.</span> <span class='ocrx_word' id='word_1_241' title='bbox 905 3855 935 3898; x_wconf 78' lang='lat' dir='ltr'>ll:</span> <span class='ocrx_word' id='word_1_242' title='bbox 953 3867 1000 3910; x_wconf 77' lang='lat' dir='ltr'>pre</span> <span class='ocrx_word' id='word_1_243' title='bbox 1018 3856 1102 3898; x_wconf 77' lang='lat' dir='ltr'>ceteris</span> <span class='ocrx_word' id='word_1_244' title='bbox 1120 3856 1196 3898; x_wconf 77' lang='lat' dir='ltr'>nerhr.</span> 
     </span>
     <span class='ocr_line' id='line_1_34' title="bbox 205 3920 1197 3976; baseline 0 -10"><span class='ocrx_word' id='word_1_245' title='bbox 205 3920 235 3976; x_wconf 70' lang='lat' dir='ltr'>ri,</span> <span class='ocrx_word' id='word_1_246' title='bbox 259 3936 292 3976; x_wconf 89' lang='grc' dir='ltr'>ι4.</span> <span class='ocrx_word' id='word_1_247' title='bbox 321 3923 416 3968; x_wconf 79' lang='lat' dir='ltr'>AllCE:</span> <span class='ocrx_word' id='word_1_248' title='bbox 444 3926 516 3968; x_wconf 85' lang='lat' dir='ltr'>niiter</span> <span class='ocrx_word' id='word_1_249' title='bbox 543 3947 568 3957; x_wconf 90' lang='lat'>-</span> <span class='ocrx_word' id='word_1_250' title='bbox 595 3931 755 3969; x_wconf 75' lang='lat' dir='ltr'>consecratam</span> <span class='ocrx_word' id='word_1_251' title='bbox 782 3925 856 3970; x_wconf 83' lang='lat' dir='ltr'>deest.</span> <span class='ocrx_word' id='word_1_252' title='bbox 956 3924 984 3969; x_wconf 77' lang='lat' dir='ltr'>rs.</span> <span class='ocrx_word' id='word_1_253' title='bbox 1013 3925 1045 3969; x_wconf 82' lang='lat' dir='ltr'>ll:</span> <span class='ocrx_word' id='word_1_254' title='bbox 1074 3926 1098 3968; x_wconf 89' lang='lat' dir='ltr'>in</span> <span class='ocrx_word' id='word_1_255' title='bbox 1125 3926 1197 3968; x_wconf 71' lang='lat' dir='ltr'>deest.</span> 
     </span>
     <span class='ocr_line' id='line_1_35' title="bbox 205 3993 1195 4050; baseline 0.001 -13"><span class='ocrx_word' id='word_1_256' title='bbox 205 4005 235 4047; x_wconf 86' lang='lat'>17.</span> <span class='ocrx_word' id='word_1_257' title='bbox 250 3993 326 4038; x_wconf 80' lang='lat' dir='ltr'>ntro:</span> <span class='ocrx_word' id='word_1_258' title='bbox 346 3996 476 4038; x_wconf 74' lang='lat' dir='ltr'>rationalis</span> <span class='ocrx_word' id='word_1_259' title='bbox 493 3996 571 4048; x_wconf 60' lang='grc' dir='ltr'>ἀει-,εις</span> <span class='ocrx_word' id='word_1_260' title='bbox 591 3994 610 4039; x_wconf 88' lang='lat' dir='ltr'>C</span> <span class='ocrx_word' id='word_1_261' title='bbox 625 3997 647 4039; x_wconf 89' lang='lat' dir='ltr'>in</span> <span class='ocrx_word' id='word_1_262' title='bbox 664 4009 737 4050; x_wconf 76' lang='lat' dir='ltr'>marg.</span> <span class='ocrx_word' id='word_1_263' title='bbox 752 3996 796 4039; x_wconf 84' lang='lat' dir='ltr'>alin</span> <span class='ocrx_word' id='word_1_264' title='bbox 813 4009 883 4038; x_wconf 84' lang='lat' dir='ltr'>maon</span> <span class='ocrx_word' id='word_1_265' title='bbox 899 3996 966 4047; x_wconf 82' lang='lat' dir='ltr'>add.;</span> <span class='ocrx_word' id='word_1_266' title='bbox 989 3997 1021 4038; x_wconf 89' lang='lat' dir='ltr'>ib.</span> <span class='ocrx_word' id='word_1_267' title='bbox 1035 3994 1066 4038; x_wconf 89' lang='lat' dir='ltr'>E:</span> <span class='ocrx_word' id='word_1_268' title='bbox 1087 3995 1116 4038; x_wconf 68' lang='lat' dir='ltr'>Fr</span> <span class='ocrx_word' id='word_1_269' title='bbox 1134 3997 1195 4038; x_wconf 74' lang='lat' dir='ltr'>irate.</span> 
     </span>
     <span class='ocr_line' id='line_1_36' title="bbox 204 4064 1195 4118; baseline -0.002 -11"><span class='ocrx_word' id='word_1_270' title='bbox 204 4076 236 4118; x_wconf 82' lang='lat'>19.</span> <span class='ocrx_word' id='word_1_271' title='bbox 261 4064 294 4107; x_wconf 79' lang='lat' dir='ltr'>ll:</span> <span class='ocrx_word' id='word_1_272' title='bbox 318 4064 398 4108; x_wconf 80' lang='lat' dir='ltr'>dicunt</span> <span class='ocrx_word' id='word_1_273' title='bbox 420 4065 492 4107; x_wconf 83' lang='lat' dir='ltr'>deest.</span> <span class='ocrx_word' id='word_1_274' title='bbox 586 4076 620 4109; x_wconf 72' lang='grc' dir='ltr'>υ.</span> <span class='ocrx_word' id='word_1_275' title='bbox 644 4066 698 4109; x_wconf 77' lang='lat' dir='ltr'>Au:</span> <span class='ocrx_word' id='word_1_276' title='bbox 726 4067 816 4109; x_wconf 82' lang='lat' dir='ltr'>nostris</span> <span class='ocrx_word' id='word_1_277' title='bbox 839 4067 916 4114; x_wconf 79' lang='lat' dir='ltr'>deest:</span> <span class='ocrx_word' id='word_1_278' title='bbox 946 4064 966 4109; x_wconf 90' lang='lat' dir='ltr'>C</span> <span class='ocrx_word' id='word_1_279' title='bbox 988 4065 1053 4108; x_wconf 88' lang='lat' dir='ltr'>addit</span> <span class='ocrx_word' id='word_1_280' title='bbox 1077 4066 1099 4108; x_wconf 91' lang='lat' dir='ltr'>in</span> <span class='ocrx_word' id='word_1_281' title='bbox 1123 4078 1195 4118; x_wconf 68' lang='lat' dir='ltr'>rrnrrp.</span> 
     </span>
     <span class='ocr_line' id='line_1_37' title="bbox 203 4134 1195 4191; baseline -0.001 -15"><span class='ocrx_word' id='word_1_282' title='bbox 203 4145 238 4187; x_wconf 68' lang='lat' dir='ltr'>tq.</span> <span class='ocrx_word' id='word_1_283' title='bbox 254 4134 284 4177; x_wconf 86' lang='lat' dir='ltr'>E:</span> <span class='ocrx_word' id='word_1_284' title='bbox 305 4141 328 4178; x_wconf 85' lang='lat' dir='ltr'>ct</span> <span class='ocrx_word' id='word_1_285' title='bbox 341 4136 430 4190; x_wconf 70' lang='lat' dir='ltr'>qninrd.</span> <span class='ocrx_word' id='word_1_286' title='bbox 507 4134 538 4178; x_wconf 73' lang='lat'>25.</span> <span class='ocrx_word' id='word_1_287' title='bbox 554 4135 643 4179; x_wconf 73' lang='lat' dir='ltr'>codd:</span> <span class='ocrx_word' id='word_1_288' title='bbox 663 4136 827 4191; x_wconf 59' lang='lat' dir='ltr'>progenitura</span> <span class='ocrx_word' id='word_1_289' title='bbox 903 4137 936 4177; x_wconf 75' lang='lat' dir='ltr'>as.</span> <span class='ocrx_word' id='word_1_290' title='bbox 954 4134 1047 4178; x_wconf 69' lang='lat' dir='ltr'>Arreti:</span> <span class='ocrx_word' id='word_1_291' title='bbox 1069 4141 1091 4178; x_wconf 83' lang='lat' dir='ltr'>et</span> <span class='ocrx_word' id='word_1_292' title='bbox 1105 4147 1195 4177; x_wconf 68' lang='lat' dir='ltr'>errare.</span> 
     </span>
     <span class='ocr_line' id='line_1_38' title="bbox 202 4204 802 4261; baseline 0.005 -17"><span class='ocrx_word' id='word_1_293' title='bbox 202 4214 238 4257; x_wconf 83' lang='lat'>29.</span> <span class='ocrx_word' id='word_1_294' title='bbox 255 4204 286 4246; x_wconf 84' lang='lat' dir='ltr'>D:</span> <span class='ocrx_word' id='word_1_295' title='bbox 306 4217 353 4248; x_wconf 82' lang='lat' dir='ltr'>non</span> <span class='ocrx_word' id='word_1_296' title='bbox 367 4217 419 4248; x_wconf 83' lang='lat' dir='ltr'>stro.</span> <span class='ocrx_word' id='word_1_297' title='bbox 474 4204 509 4248; x_wconf 88' lang='lat'>30.</span> <span class='ocrx_word' id='word_1_298' title='bbox 526 4205 597 4249; x_wconf 75' lang='lat' dir='ltr'>ntrE:</span> <span class='ocrx_word' id='word_1_299' title='bbox 618 4205 802 4261; x_wconf 75' lang='lat' dir='ltr'>insequerentur.</span> 
     </span>
    </p>
   </div>
   <div class='ocr_carea' id='block_1_10' title="bbox 254 4365 562 4434">
    <p class='ocr_par' dir='ltr' id='par_1_11' title="bbox 254 4365 562 4434">
     <span class='ocr_line' id='line_1_39' title="bbox 254 4365 562 4434; baseline -0.01 -15"><span class='ocrx_word' id='word_1_300' title='bbox 254 4386 278 4434; x_wconf 74' lang='lat' dir='ltr'>u.</span> <span class='ocrx_word' id='word_1_301' title='bbox 299 4367 390 4417; x_wconf 77' lang='lat' dir='ltr'>llatth.</span> <span class='ocrx_word' id='word_1_302' title='bbox 410 4368 500 4429; x_wconf 70' lang='lat' dir='ltr'>xxvi,</span> <span class='ocrx_word' id='word_1_303' title='bbox 522 4365 562 4418; x_wconf 75' lang='lat' dir='ltr'>cti.</span> 
     </span>
    </p>
   </div>
   <div class='ocr_carea' id='block_1_11' title="bbox 0 0 1528 4920">
    <p class='ocr_par' dir='ltr' id='par_1_12' title="bbox 0 0 1528 4920">
     <span class='ocr_line' id='line_1_40' title="bbox 0 0 1528 4920; baseline 0 9"><span class='ocrx_word' id='word_1_304' title='bbox 0 0 1528 4920; x_wconf 95' lang='lat' dir='ltr'> </span> 
     </span>
    </p>
   </div>
  </div>
 </body>
</html>
