3046 4920
128 429 198 474 can.
213 412 267 500 ut]
470 428 518 479 ΕΤ
537 428 785 478 ΡοΕΝΙΤΕΝΤιΑ.

130 609 257 673 semper
273 587 409 650 Domini
426 585 575 648 libertate
591 598 623 647 et
639 605 704 647 non
720 584 792 647 licet
807 584 876 649 istis
891 584 1121 648 tradicionibus

131 711 166 759 ut
190 695 251 777 legi
269 690 401 754 Domini
427 690 533 752 taliter
555 690 706 773 obligari:
730 690 774 752 sic
791 691 997 753 senciendum
1019 704 1066 752 est
1083 690 1122 751 de

130 799 188 861 hac
199 795 528 878 tradicionepapequi
540 794 853 878 estpatronusprime
863 809 955 860 secte.
967 794 1122 858 Observet
1189 806 1230 863 Lea
1245 807 1282 850 aa

1150 858 1269 903 Christian
1285 871 1325 901 use

129 922 204 984 ergo
218 901 321 964 fidelis
337 900 530 963 christianus
548 901 629 964 hanc
644 901 821 999 libertatem
838 902 939 963 taliter
950 899 1121 1017 confitendi
1133 911 1286 1009 aquiliam
1294 911 1339 1006 qna

106 1006 220 1090 5quod
239 1004 435 1068 confiteatur
449 1005 553 1068 taliter
572 1007 738 1089 sacerdoti,
758 1007 783 1067 si
802 1021 832 1069 et
852 1005 1002 1088 quatinus
1023 1018 1339 1115 prosrtprqqtscqqchna

130 1111 189 1174 sibi
208 1124 239 1174 et
254 1110 394 1174 ecclesie.
417 1111 458 1172 Et
479 1111 574 1173 istam
590 1111 770 1174 libertatem
788 1111 882 1174 habet
902 1130 1085 1173 concessam
1105 1132 1123 1171 a

131 1215 273 1280 Domino
283 1236 382 1300 quam
394 1236 478 1299 papa
494 1235 560 1278 non
571 1228 676 1298 potest
687 1216 847 1279 destruere
864 1235 967 1298 neque
983 1216 1065 1279 dare.
1085 1215 1123 1276 Et

130 1341 187 1404 per
201 1320 262 1384 hoc
280 1319 510 1402 patetsolucio
527 1318 666 1383 addicta
690 1321 861 1402 Augustini
885 1333 917 1382 et
939 1334 1121 1382 sanctorum

131 1425 283 1488 similium
296 1426 386 1508 quod
401 1424 503 1487 homo
520 1424 811 1509 debetpresbytero
827 1424 981 1505 confiteri,
994 1424 1122 1508 quando

91 1531 216 1592 toDeus
240 1541 351 1591 movet
369 1543 559 1612 peccantem
582 1529 745 1593 humiliter
766 1529 911 1593 confiteri
936 1534 973 1592 de
989 1529 1122 1613 peccatis

130 1634 267 1717 propriis
291 1653 355 1718 que
378 1633 556 1715 commisit,
580 1651 657 1698 tunc
681 1637 774 1698 debet
797 1636 900 1698 taliter
922 1634 1074 1698 confiteri.

142 1772 143 1775 ¹
173 1738 236 1802 Sed
274 1739 405 1802 videtur
443 1739 555 1803 multis
593 1740 684 1824 quod
714 1740 869 1824 generalis
901 1740 1061 1804 confessio
1092 1756 1122 1802 et
1155 1765 1313 1812 concinant

131 1843 256 1924 publica
306 1858 353 1906 est
401 1844 518 1907 melior
560 1864 658 1927 quarn
698 1845 853 1908 conlessio
891 1845 948 1908 hec
987 1847 1120 1928 privata,
1153 1820 1321 1917 conhhihfnts

132 1962 266 2031 utraque
295 1962 403 2011 tamen
432 1965 481 2012 est
510 1951 605 2028 bona,
634 1950 706 2013 licet
736 1951 766 2013 in
791 1953 859 2033 lege
882 1951 979 2018 veteri
1003 1966 1033 2013 et
1056 1952 1122 2033 lege
1157 1924 1341 2031 slllllllllaa

91 2053 235 2135 rsgracie
258 2052 363 2135 prima
387 2053 429 2115 sit
453 2056 556 2136 magis
581 2053 753 2118 laudabilis
773 2076 871 2139 quam
886 2056 1040 2133 secundm
1066 2075 1122 2116 nec
1156 2032 1196 2074 ⁰¹¹¹
1211 2030 1334 2084 ΜΘΝ·

131 2157 236 2220 solum
254 2157 440 2240 presbiteris
456 2173 504 2222 est
522 2159 574 2223 illa
591 2159 751 2224 consessio
768 2159 909 2223 facienda
920 2162 973 2224 sed
985 2161 1123 2223 discretis

133 2276 200 2324 tam
235 2262 310 2324 viris
346 2282 444 2345 quam
477 2263 604 2327 leminis
633 2279 663 2328 et
691 2266 879 2328 omnimode
908 2266 977 2329 Deo
1006 2279 1124 2328 nostro.

133 2367 173 2429 Et
196 2368 235 2431 de
259 2368 311 2430 illa
333 2371 475 2451 generali
500 2370 704 2435 confessione
728 2373 854 2434 videtur
873 2371 962 2454 loqui
978 2372 1124 2451 lacobus,
1135 2383 1277 2478 cqqqesbsjqq
1281 2382 1341 2476 qidcgd

131 2474 262 2556 quando
285 2473 378 2536 dicit:
405 2473 610 2557 Confitemim'
630 2477 826 2538 alterutrum
846 2487 979 2559 peccata
1003 2487 1127 2552 vestra;
1142 2490 1196 2545 only
1211 2454 1239 2530 rok
1250 2487 1342 2543 priests.

89 2590 162 2639 aoet
185 2577 276 2640 aliter
297 2599 374 2641 usus
396 2579 528 2642 ecclesie
545 2582 635 2663 quod
651 2583 796 2643 sacerdos
812 2579 982 2643 confitetur
999 2597 1125 2664 peccata

131 2702 187 2744 sua
212 2696 278 2746 tam
304 2684 379 2745 viris
404 2705 504 2768 quam
522 2684 650 2747 leminis
666 2688 742 2769 ipsis
759 2685 965 2749 existentibus
982 2689 1124 2770 quando-

131 2808 194 2871 que
229 2791 337 2852 solum
377 2790 409 2851 in
447 2791 619 2853 missarum
653 2812 784 2854 suarum
815 2792 916 2855 iniciis
947 2793 1028 2856 loret
1060 2795 1121 2855 cul·

132 2892 281 2974 pabiliter
304 2894 521 2958 introductus.
547 2897 588 2958 Et
612 2896 656 2958 sic
680 2897 810 2979 quidam
828 2898 1036 2980 sophisticam
1053 2918 1124 2959 cum

132 2997 200 3077 lege
217 2999 323 3081 papali
341 3000 510 3062 audientes
527 3001 640 3063 missas
657 3003 777 3084 proprii
793 3003 964 3065 sacerdotis
981 3005 1123 3086 quando·

89 3105 195 3183 aique
235 3103 378 3183 solitarii,
419 3106 563 3168 dicentes
597 3108 684 3190 quod
722 3107 849 3206 luerunt
881 3123 955 3170 tunc
989 3107 1124 3170 confessi
1170 3116 1309 3211 'jffic‘l‘fflf

132 3209 241 3269 omnia
275 3224 404 3290 peccata
439 3232 497 3272 sua
532 3213 666 3294 proprio
701 3213 867 3276 sacerdoti.
905 3213 966 3275 Sed
1000 3214 1125 3275 videtur·
1198 3224 1286 3264 decret·

133 3314 242 3375 multis
266 3316 354 3396 quod
379 3316 608 3397 sophisticacio
634 3319 692 3381 ista
717 3339 782 3381 non
799 3318 916 3381 sufficit
933 3321 1124 3401 cuicunque,

132 3437 206 3478 cum
230 3420 321 3480 multi
342 3421 574 3484 necessitantur
591 3426 758 3486 ostendere
775 3438 900 3507 peccata
916 3445 973 3486 sua
990 3424 1125 3486 discreto

133 3522 320 3605 presbytero
346 3540 376 3586 et
401 3526 542 3608 recipere
567 3529 605 3588 ab
630 3528 701 3611 ipso
718 3531 841 3591 salubre
859 3531 1028 3591 consilium
1045 3550 1122 3612 quo·

184 3758 210 3789 rr.
226 3749 259 3790 A:
274 3749 414 3803 proprt'pri's.
491 3761 520 3793 12.
537 3750 575 3792 BD
592 3752 614 3794 in
631 3764 717 3806 marg:
741 3753 865 3810 Confessio
882 3757 976 3810 pellica
996 3758 1078 3801 melior
1093 3761 1125 3800 ert

131 3827 200 3870 quam
215 3819 333 3873 consessio
347 3821 457 3873 primm,-
472 3820 523 3862 Ein
536 3833 623 3876 marga
638 3821 734 3866 Solucr'o
744 3825 777 3865 ad
790 3825 858 3867 dicta.
913 3837 947 3868 ao.
961 3827 989 3869 ll:
1005 3832 1125 3877 corrntetur

133 3885 205 3928 deest.
261 3888 464 3932 asttcsszsotte.

190 4015 227 4065 rr).
236 4001 290 4048 lac.
301 4002 333 4062 V,
349 4000 386 4051 16,
444 4018 484 4053 20.
496 4008 516 4052 Α
530 4005 663 4056 reference
674 4018 700 4056 to
711 4006 753 4056 the
765 4006 899 4057 Confiteor
910 4011 934 4058 in
946 4010 988 4059 the
1003 4012 1117 4077 ordinari

137 4085 166 4133 of
182 4085 226 4135 the
246 4088 325 4137 Mass.
339 4089 379 4138 Cl.
395 4091 450 4156 lay
471 4092 551 4140 Follts
571 4094 641 4143 Mass
660 4096 730 4144 Book
752 4097 917 4159 (Simnamsl,
937 4115 961 4162 p.
976 4096 999 4159 ὓ,
1014 4100 1064 4148 line
1077 4117 1122 4163 41:

342 4173 419 4216 There
434 4188 462 4217 or
478 4176 505 4217 hc
521 4178 561 4218 tho
576 4191 652 4221 messe
668 4181 774 4235 bigynne,

342 4244 379 4286 nit
396 4247 424 4287 he
440 4247 506 4288 melre
522 4248 570 4289 him
586 4249 622 4290 for
637 4250 673 4292 his
689 4264 773 4307 synne:

341 4315 365 4356 til
381 4316 424 4356 alle
440 4316 480 4357 tho
496 4316 544 4359 tott-
560 4318 588 4360 hc
604 4319 700 4374 shryrcs
718 4322 764 4363 him
780 4323 843 4365 thare

341 4384 367 4424 ol
379 4386 422 4426 alle
438 4387 474 4427 his
490 4399 575 4441 synnes
591 4390 649 4431 lesse
664 4392 708 4433 and
726 4403 794 4433 mare
