<?xml version="1.0" encoding="UTF-8"?>
<!DOCTYPE html PUBLIC "-//W3C//DTD XHTML 1.0 Transitional//EN"
    "http://www.w3.org/TR/xhtml1/DTD/xhtml1-transitional.dtd">
<html xmlns="http://www.w3.org/1999/xhtml" xml:lang="en" lang="en">
 <head>
  <title>
</title>
<meta http-equiv="Content-Type" content="text/html;charset=utf-8" />
  <meta name='ocr-system' content='tesseract 3.04.00' />
  <meta name='ocr-capabilities' content='ocr_page ocr_carea ocr_par ocr_line ocrx_word'/>
</head>
<body>
  <div class='ocr_page' id='page_1' title='image "./iohanniswyclifd01losegoog/iohanniswyclifd01losegoog_0217.png"; bbox 0 0 3046 4920; ppageno 0'>
   <div class='ocr_carea' id='block_1_1' title="bbox 662 454 1317 549">
    <p class='ocr_par' dir='ltr' id='par_1_1' title="bbox 662 454 1317 549">
     <span class='ocr_line' id='line_1_1' title="bbox 662 454 1317 549; baseline -0.023 -18"><span class='ocrx_word' id='word_1_1' title='bbox 662 478 832 533; x_wconf 76' lang='lat' dir='ltr'>romarus</span> <span class='ocrx_word' id='word_1_2' title='bbox 848 476 990 533; x_wconf 75' lang='lat' dir='ltr'>wreus</span> <span class='ocrx_word' id='word_1_3' title='bbox 1188 454 1317 549; x_wconf 67' lang='lat' dir='ltr'>[clav.</span> 
     </span>
    </p>
   </div>
   <div class='ocr_carea' id='block_1_2' title="bbox 105 634 1361 3437">
    <p class='ocr_par' dir='ltr' id='par_1_2' title="bbox 105 634 1361 3437">
     <span class='ocr_line' id='line_1_2' title="bbox 329 634 1318 723; baseline -0.002 -26"><span class='ocrx_word' id='word_1_4' title='bbox 329 635 417 719; x_wconf 93' lang='lat' dir='ltr'>quod</span> <span class='ocrx_word' id='word_1_5' title='bbox 440 648 504 699; x_wconf 88' lang='lat' dir='ltr'>stat</span> <span class='ocrx_word' id='word_1_6' title='bbox 524 654 601 701; x_wconf 88' lang='lat' dir='ltr'>curn</span> <span class='ocrx_word' id='word_1_7' title='bbox 623 638 686 702; x_wconf 90' lang='lat' dir='ltr'>isto</span> <span class='ocrx_word' id='word_1_8' title='bbox 708 658 804 703; x_wconf 87' lang='lat' dir='ltr'>sensu</span> <span class='ocrx_word' id='word_1_9' title='bbox 824 638 914 723; x_wconf 89' lang='lat' dir='ltr'>quod</span> <span class='ocrx_word' id='word_1_10' title='bbox 936 650 1011 721; x_wconf 89' lang='lat' dir='ltr'>post</span> <span class='ocrx_word' id='word_1_11' title='bbox 1034 636 1130 699; x_wconf 87' lang='lat' dir='ltr'>istam</span> <span class='ocrx_word' id='word_1_12' title='bbox 1153 634 1318 699; x_wconf 75' lang='lat' dir='ltr'>massab-</span> 
     </span>
     <span class='ocr_line' id='line_1_3' title="bbox 329 738 1318 827; baseline 0.002 -26"><span class='ocrx_word' id='word_1_13' title='bbox 329 738 579 805; x_wconf 89' lang='lat' dir='ltr'>stanciacionem</span> <span class='ocrx_word' id='word_1_14' title='bbox 628 740 720 827; x_wconf 86' lang='lat' dir='ltr'>penis</span> <span class='ocrx_word' id='word_1_15' title='bbox 768 738 1093 807; x_wconf 86' lang='lat' dir='ltr'>transsubsrsnciatus</span> <span class='ocrx_word' id='word_1_16' title='bbox 1142 752 1318 819; x_wconf 81' lang='lat' dir='ltr'>remmest,</span> 
     </span>
     <span class='ocr_line' id='line_1_4' title="bbox 328 842 1318 931; baseline 0.002 -26"><span class='ocrx_word' id='word_1_17' title='bbox 328 858 574 929; x_wconf 73' lang='lat' dir='ltr'>verumptamen</span> <span class='ocrx_word' id='word_1_18' title='bbox 606 844 718 911; x_wconf 88' lang='lat' dir='ltr'>diffido</span> <span class='ocrx_word' id='word_1_19' title='bbox 748 848 837 931; x_wconf 87' lang='lat' dir='ltr'>quod</span> <span class='ocrx_word' id='word_1_20' title='bbox 868 846 1000 911; x_wconf 88' lang='lat' dir='ltr'>ecclesis</span> <span class='ocrx_word' id='word_1_21' title='bbox 1026 842 1209 909; x_wconf 81' lang='lat' dir='ltr'>Avinonica</span> <span class='ocrx_word' id='word_1_22' title='bbox 1240 862 1318 907; x_wconf 87' lang='lat' dir='ltr'>cnm</span> 
     </span>
     <span class='ocr_line' id='line_1_5' title="bbox 328 947 1318 1035; baseline -0.001 -24"><span class='ocrx_word' id='word_1_23' title='bbox 328 950 396 1013; x_wconf 89' lang='lat' dir='ltr'>suis</span> <span class='ocrx_word' id='word_1_24' title='bbox 417 948 553 1034; x_wconf 85' lang='lat' dir='ltr'>satrapis</span> <span class='ocrx_word' id='word_1_25' title='bbox 574 947 846 1035; x_wconf 73' lang='lat' dir='ltr'>significationem</span> <span class='ocrx_word' id='word_1_26' title='bbox 865 950 961 1013; x_wconf 87' lang='lat' dir='ltr'>istem</span> <span class='ocrx_word' id='word_1_27' title='bbox 979 948 1148 1033; x_wconf 83' lang='lat' dir='ltr'>acciperet.</span> <span class='ocrx_word' id='word_1_28' title='bbox 1170 948 1235 1013; x_wconf 85' lang='lat' dir='ltr'>Sed</span> <span class='ocrx_word' id='word_1_29' title='bbox 1251 965 1318 1033; x_wconf 88' lang='lat' dir='ltr'>que</span> 
     </span>
     <span class='ocr_line' id='line_1_6' title="bbox 328 1050 1343 1139; baseline -0.002 -22"><span class='ocrx_word' id='word_1_30' title='bbox 328 1072 404 1117; x_wconf 89' lang='lat' dir='ltr'>cura</span> <span class='ocrx_word' id='word_1_31' title='bbox 429 1054 471 1117; x_wconf 94' lang='lat' dir='ltr'>de</span> <span class='ocrx_word' id='word_1_32' title='bbox 492 1052 565 1133; x_wconf 86' lang='lat' dir='ltr'>hoc,</span> <span class='ocrx_word' id='word_1_33' title='bbox 592 1072 668 1117; x_wconf 87' lang='lat' dir='ltr'>cum</span> <span class='ocrx_word' id='word_1_34' title='bbox 695 1052 784 1138; x_wconf 89' lang='lat' dir='ltr'>prior</span> <span class='ocrx_word' id='word_1_35' title='bbox 809 1052 942 1119; x_wconf 89' lang='lat' dir='ltr'>ecclesis</span> <span class='ocrx_word' id='word_1_36' title='bbox 964 1053 1026 1117; x_wconf 86' lang='lat' dir='ltr'>hoc</span> <span class='ocrx_word' id='word_1_37' title='bbox 1048 1054 1233 1139; x_wconf 83' lang='lat' dir='ltr'>approbans</span> <span class='ocrx_word' id='word_1_38' title='bbox 1255 1050 1343 1117; x_wconf 78' lang='lat' dir='ltr'>fuiss</span> 
     </span>
     <span class='ocr_line' id='line_1_7' title="bbox 327 1154 1316 1242; baseline 0.001 -22"><span class='ocrx_word' id='word_1_39' title='bbox 327 1156 465 1241; x_wconf 79' lang='lat' dir='ltr'>gravior,</span> <span class='ocrx_word' id='word_1_40' title='bbox 498 1156 582 1223; x_wconf 90' lang='lat' dir='ltr'>sicut</span> <span class='ocrx_word' id='word_1_41' title='bbox 606 1156 735 1241; x_wconf 72' lang='lat' dir='ltr'>gravior</span> <span class='ocrx_word' id='word_1_42' title='bbox 760 1154 822 1221; x_wconf 81' lang='lat' dir='ltr'>luit</span> <span class='ocrx_word' id='word_1_43' title='bbox 850 1176 986 1242; x_wconf 87' lang='lat' dir='ltr'>persona</span> <span class='ocrx_word' id='word_1_44' title='bbox 1013 1156 1200 1223; x_wconf 87' lang='lat' dir='ltr'>innocencii</span> <span class='ocrx_word' id='word_1_45' title='bbox 1227 1156 1316 1223; x_wconf 89' lang='lat' dir='ltr'>tercii</span> 
     </span>
     <span class='ocr_line' id='line_1_8' title="bbox 327 1260 1317 1347; baseline 0 -22"><span class='ocrx_word' id='word_1_46' title='bbox 327 1260 570 1345; x_wconf 80' lang='lat' dir='ltr'>cumpluribus</span> <span class='ocrx_word' id='word_1_47' title='bbox 591 1280 692 1347; x_wconf 85' lang='lat' dir='ltr'>quarn</span> <span class='ocrx_word' id='word_1_48' title='bbox 712 1260 801 1325; x_wconf 88' lang='lat' dir='ltr'>mille</span> <span class='ocrx_word' id='word_1_49' title='bbox 822 1260 954 1345; x_wconf 86' lang='lat' dir='ltr'>prelatis</span> <span class='ocrx_word' id='word_1_50' title='bbox 975 1261 1052 1325; x_wconf 91' lang='lat' dir='ltr'>licet</span> <span class='ocrx_word' id='word_1_51' title='bbox 1066 1278 1134 1325; x_wconf 91' lang='lat' dir='ltr'>non</span> <span class='ocrx_word' id='word_1_52' title='bbox 1155 1260 1317 1346; x_wconf 89' lang='lat' dir='ltr'>episcopis</span> 
     </span>
     <span class='ocr_line' id='line_1_9' title="bbox 327 1360 1316 1451; baseline -0.002 -21"><span class='ocrx_word' id='word_1_53' title='bbox 327 1366 385 1430; x_wconf 92' lang='lat' dir='ltr'>sed</span> <span class='ocrx_word' id='word_1_54' title='bbox 420 1364 590 1429; x_wconf 85' lang='lat' dir='ltr'>abbatibus</span> <span class='ocrx_word' id='word_1_55' title='bbox 622 1365 741 1451; x_wconf 85' lang='lat' dir='ltr'>ydiotis</span> <span class='ocrx_word' id='word_1_56' title='bbox 777 1386 874 1450; x_wconf 88' lang='lat' dir='ltr'>quam</span> <span class='ocrx_word' id='word_1_57' title='bbox 914 1364 1047 1431; x_wconf 85' lang='lat' dir='ltr'>ecclesia</span> <span class='ocrx_word' id='word_1_58' title='bbox 1078 1364 1228 1451; x_wconf 71' lang='lat' dir='ltr'>Gregorii</span> <span class='ocrx_word' id='word_1_59' title='bbox 1255 1360 1316 1429; x_wconf 73' lang='grc' dir='ltr'>,ΙΧί</span> 
     </span>
     <span class='ocr_line' id='line_1_10' title="bbox 327 1466 1316 1555; baseline -0.003 -20"><span class='ocrx_word' id='word_1_60' title='bbox 327 1489 402 1535; x_wconf 90' lang='lat' dir='ltr'>cum</span> <span class='ocrx_word' id='word_1_61' title='bbox 416 1470 550 1555; x_wconf 85' lang='lat' dir='ltr'>satrapis</span> <span class='ocrx_word' id='word_1_62' title='bbox 565 1484 651 1535; x_wconf 90' lang='lat' dir='ltr'>secte</span> <span class='ocrx_word' id='word_1_63' title='bbox 665 1466 742 1537; x_wconf 85' lang='lat' dir='ltr'>suci</span> <span class='ocrx_word' id='word_1_64' title='bbox 755 1474 808 1535; x_wconf 78' lang='lat' dir='ltr'>Ab</span> <span class='ocrx_word' id='word_1_65' title='bbox 818 1470 874 1535; x_wconf 88' lang='lat' dir='ltr'>illo</span> <span class='ocrx_word' id='word_1_66' title='bbox 886 1488 1030 1555; x_wconf 84' lang='lat' dir='ltr'>namque</span> <span class='ocrx_word' id='word_1_67' title='bbox 1041 1470 1316 1555; x_wconf 87' lang='lat' dir='ltr'>diciturquinque</span> 
     </span>
     <span class='ocr_line' id='line_1_11' title="bbox 327 1572 1361 1659; baseline -0.005 -22"><span class='ocrx_word' id='word_1_68' title='bbox 327 1574 426 1639; x_wconf 88' lang='lat' dir='ltr'>libros</span> <span class='ocrx_word' id='word_1_69' title='bbox 448 1574 656 1639; x_wconf 72' lang='lat' dir='ltr'>decretalium</span> <span class='ocrx_word' id='word_1_70' title='bbox 678 1593 790 1659; x_wconf 82' lang='lat' dir='ltr'>cepere</span> <span class='ocrx_word' id='word_1_71' title='bbox 810 1574 1036 1641; x_wconf 84' lang='lat' dir='ltr'>auctoritatem</span> <span class='ocrx_word' id='word_1_72' title='bbox 1058 1592 1190 1655; x_wconf 82' lang='lat' dir='ltr'>noram,</span> <span class='ocrx_word' id='word_1_73' title='bbox 1213 1572 1316 1658; x_wconf 78' lang='lat' dir='ltr'>priori</span> <span class='ocrx_word' id='word_1_74' title='bbox 1328 1596 1361 1633; x_wconf 84' lang='grc' dir='ltr'>ιο</span> 
     </span>
     <span class='ocr_line' id='line_1_12' title="bbox 326 1676 1316 1765; baseline 0.002 -24"><span class='ocrx_word' id='word_1_75' title='bbox 326 1678 443 1764; x_wconf 75' lang='lat' dir='ltr'>sopire,</span> <span class='ocrx_word' id='word_1_76' title='bbox 473 1680 557 1745; x_wconf 89' lang='lat' dir='ltr'>sicut</span> <span class='ocrx_word' id='word_1_77' title='bbox 582 1678 766 1745; x_wconf 84' lang='lat' dir='ltr'>Machamet</span> <span class='ocrx_word' id='word_1_78' title='bbox 796 1678 873 1745; x_wconf 89' lang='lat' dir='ltr'>dicit</span> <span class='ocrx_word' id='word_1_79' title='bbox 903 1680 1006 1765; x_wconf 71' lang='lat' dir='ltr'>legem</span> <span class='ocrx_word' id='word_1_80' title='bbox 1038 1698 1132 1745; x_wconf 87' lang='lat' dir='ltr'>susm</span> <span class='ocrx_word' id='word_1_81' title='bbox 1166 1676 1209 1743; x_wconf 84' lang='lat' dir='ltr'>ab</span> <span class='ocrx_word' id='word_1_82' title='bbox 1241 1676 1316 1763; x_wconf 89' lang='lat' dir='ltr'>ipso</span> 
     </span>
     <span class='ocr_line' id='line_1_13' title="bbox 327 1780 1316 1869; baseline 0 -20"><span class='ocrx_word' id='word_1_83' title='bbox 327 1802 442 1869; x_wconf 87' lang='lat' dir='ltr'>capere</span> <span class='ocrx_word' id='word_1_84' title='bbox 465 1782 689 1849; x_wconf 86' lang='lat' dir='ltr'>auctoritatem</span> <span class='ocrx_word' id='word_1_85' title='bbox 711 1803 777 1847; x_wconf 92' lang='lat' dir='ltr'>non</span> <span class='ocrx_word' id='word_1_86' title='bbox 799 1804 818 1847; x_wconf 89' lang='lat' dir='ltr'>a</span> <span class='ocrx_word' id='word_1_87' title='bbox 840 1783 911 1867; x_wconf 74' lang='lat' dir='ltr'>lege</span> <span class='ocrx_word' id='word_1_88' title='bbox 937 1802 1024 1847; x_wconf 84' lang='lat' dir='ltr'>nors</span> <span class='ocrx_word' id='word_1_89' title='bbox 1045 1782 1098 1847; x_wconf 83' lang='lat' dir='ltr'>vel</span> <span class='ocrx_word' id='word_1_90' title='bbox 1119 1782 1231 1847; x_wconf 82' lang='lat' dir='ltr'>aeteri.</span> <span class='ocrx_word' id='word_1_91' title='bbox 1261 1780 1316 1849; x_wconf 84' lang='lat' dir='ltr'>Sic</span> 
     </span>
     <span class='ocr_line' id='line_1_14' title="bbox 325 1885 1317 1974; baseline 0.001 -24"><span class='ocrx_word' id='word_1_92' title='bbox 325 1888 461 1973; x_wconf 85' lang='lat' dir='ltr'>inquam</span> <span class='ocrx_word' id='word_1_93' title='bbox 491 1888 664 1953; x_wconf 89' lang='lat' dir='ltr'>decretales</span> <span class='ocrx_word' id='word_1_94' title='bbox 694 1888 827 1973; x_wconf 87' lang='lat' dir='ltr'>epistole</span> <span class='ocrx_word' id='word_1_95' title='bbox 859 1908 898 1951; x_wconf 85' lang='lat' dir='ltr'>ex</span> <span class='ocrx_word' id='word_1_96' title='bbox 933 1886 1045 1953; x_wconf 84' lang='lat' dir='ltr'>multis</span> <span class='ocrx_word' id='word_1_97' title='bbox 1074 1885 1217 1974; x_wconf 84' lang='lat' dir='ltr'>antiquis</span> <span class='ocrx_word' id='word_1_98' title='bbox 1249 1886 1317 1951; x_wconf 88' lang='lat' dir='ltr'>edi·</span> 
     </span>
     <span class='ocr_line' id='line_1_15' title="bbox 326 1990 1315 2077; baseline -0.001 -21"><span class='ocrx_word' id='word_1_99' title='bbox 326 1992 472 2057; x_wconf 75' lang='lat' dir='ltr'>tionibus</span> <span class='ocrx_word' id='word_1_100' title='bbox 508 1994 716 2057; x_wconf 85' lang='lat' dir='ltr'>decretalium</span> <span class='ocrx_word' id='word_1_101' title='bbox 751 1992 866 2077; x_wconf 89' lang='lat' dir='ltr'>prioris</span> <span class='ocrx_word' id='word_1_102' title='bbox 902 1993 1032 2057; x_wconf 86' lang='lat' dir='ltr'>ecclesie</span> <span class='ocrx_word' id='word_1_103' title='bbox 1066 2006 1145 2057; x_wconf 88' lang='lat' dir='ltr'>sunt</span> <span class='ocrx_word' id='word_1_104' title='bbox 1181 1990 1315 2057; x_wconf 80' lang='lat' dir='ltr'>collecte</span> 
     </span>
     <span class='ocr_line' id='line_1_16' title="bbox 325 2096 1359 2183; baseline -0.004 -22"><span class='ocrx_word' id='word_1_105' title='bbox 325 2096 465 2161; x_wconf 88' lang='lat' dir='ltr'>dimissis</span> <span class='ocrx_word' id='word_1_106' title='bbox 488 2098 633 2183; x_wconf 88' lang='lat' dir='ltr'>pastibus</span> <span class='ocrx_word' id='word_1_107' title='bbox 647 2097 823 2161; x_wconf 84' lang='lat' dir='ltr'>verioribus</span> <span class='ocrx_word' id='word_1_108' title='bbox 837 2109 894 2162; x_wconf 88' lang='lat' dir='ltr'>sut</span> <span class='ocrx_word' id='word_1_109' title='bbox 908 2096 1154 2182; x_wconf 72' lang='lat' dir='ltr'>displicentibus</span> <span class='ocrx_word' id='word_1_110' title='bbox 1174 2111 1206 2162; x_wconf 91' lang='lat' dir='ltr'>et</span> <span class='ocrx_word' id='word_1_111' title='bbox 1221 2096 1314 2161; x_wconf 83' lang='lat' dir='ltr'>novis</span> <span class='ocrx_word' id='word_1_112' title='bbox 1328 2104 1359 2157; x_wconf 86' lang='grc' dir='ltr'>ι5</span> 
     </span>
     <span class='ocr_line' id='line_1_17' title="bbox 325 2200 1315 2287; baseline 0 -22"><span class='ocrx_word' id='word_1_113' title='bbox 325 2203 394 2266; x_wconf 83' lang='lat' dir='ltr'>sive</span> <span class='ocrx_word' id='word_1_114' title='bbox 424 2200 623 2286; x_wconf 86' lang='lat' dir='ltr'>placentibus</span> <span class='ocrx_word' id='word_1_115' title='bbox 655 2204 843 2287; x_wconf 85' lang='lat' dir='ltr'>acceptatis;</span> <span class='ocrx_word' id='word_1_116' title='bbox 880 2201 953 2266; x_wconf 87' lang='lat' dir='ltr'>ideo</span> <span class='ocrx_word' id='word_1_117' title='bbox 990 2216 1039 2267; x_wconf 87' lang='lat' dir='ltr'>est</span> <span class='ocrx_word' id='word_1_118' title='bbox 1070 2220 1198 2269; x_wconf 83' lang='lat' dir='ltr'>norum</span> <span class='ocrx_word' id='word_1_119' title='bbox 1228 2220 1315 2285; x_wconf 88' lang='lat' dir='ltr'>opus</span> 
     </span>
     <span class='ocr_line' id='line_1_18' title="bbox 326 2306 1314 2393; baseline 0.002 -24"><span class='ocrx_word' id='word_1_120' title='bbox 326 2306 411 2390; x_wconf 89' lang='lat' dir='ltr'>paris</span> <span class='ocrx_word' id='word_1_121' title='bbox 438 2306 637 2371; x_wconf 76' lang='lat' dir='ltr'>auctoritatis</span> <span class='ocrx_word' id='word_1_122' title='bbox 664 2326 739 2371; x_wconf 88' lang='lat' dir='ltr'>cum</span> <span class='ocrx_word' id='word_1_123' title='bbox 764 2306 833 2371; x_wconf 88' lang='lat' dir='ltr'>aliis</span> <span class='ocrx_word' id='word_1_124' title='bbox 860 2307 1004 2390; x_wconf 88' lang='lat' dir='ltr'>epistolis</span> <span class='ocrx_word' id='word_1_125' title='bbox 1036 2326 1121 2393; x_wconf 81' lang='lat' dir='ltr'>pepe</span> <span class='ocrx_word' id='word_1_126' title='bbox 1153 2307 1195 2370; x_wconf 92' lang='lat' dir='ltr'>de</span> <span class='ocrx_word' id='word_1_127' title='bbox 1226 2324 1314 2371; x_wconf 82' lang='lat' dir='ltr'>novo</span> 
     </span>
     <span class='ocr_line' id='line_1_19' title="bbox 324 2410 1314 2497; baseline 0.002 -24"><span class='ocrx_word' id='word_1_128' title='bbox 324 2410 428 2492; x_wconf 87' lang='lat' dir='ltr'>editis,</span> <span class='ocrx_word' id='word_1_129' title='bbox 455 2410 533 2497; x_wconf 89' lang='lat' dir='ltr'>quis</span> <span class='ocrx_word' id='word_1_130' title='bbox 558 2410 650 2475; x_wconf 82' lang='lat' dir='ltr'>aliter</span> <span class='ocrx_word' id='word_1_131' title='bbox 674 2425 822 2497; x_wconf 85' lang='lat' dir='ltr'>asperent</span> <span class='ocrx_word' id='word_1_132' title='bbox 848 2412 907 2475; x_wconf 93' lang='lat' dir='ltr'>iste</span> <span class='ocrx_word' id='word_1_133' title='bbox 935 2411 1048 2475; x_wconf 91' lang='lat' dir='ltr'>ultime</span> <span class='ocrx_word' id='word_1_134' title='bbox 1074 2411 1249 2475; x_wconf 84' lang='lat' dir='ltr'>decretales</span> <span class='ocrx_word' id='word_1_135' title='bbox 1274 2430 1314 2475; x_wconf 84' lang='lat' dir='ltr'>ex</span> 
     </span>
     <span class='ocr_line' id='line_1_20' title="bbox 325 2515 1314 2601; baseline -0.001 -21"><span class='ocrx_word' id='word_1_136' title='bbox 325 2515 533 2581; x_wconf 87' lang='lat' dir='ltr'>multitudine</span> <span class='ocrx_word' id='word_1_137' title='bbox 555 2535 712 2601; x_wconf 85' lang='lat' dir='ltr'>paparum</span> <span class='ocrx_word' id='word_1_138' title='bbox 729 2515 872 2600; x_wconf 89' lang='lat' dir='ltr'>priorum</span> <span class='ocrx_word' id='word_1_139' title='bbox 888 2516 984 2599; x_wconf 72' lang='lat' dir='ltr'>longe</span> <span class='ocrx_word' id='word_1_140' title='bbox 999 2516 1159 2581; x_wconf 88' lang='lat' dir='ltr'>maiorem</span> <span class='ocrx_word' id='word_1_141' title='bbox 1174 2515 1314 2579; x_wconf 83' lang='lat' dir='ltr'>anctori-</span> 
     </span>
     <span class='ocr_line' id='line_1_21' title="bbox 325 2619 1358 2705; baseline -0.005 -21"><span class='ocrx_word' id='word_1_142' title='bbox 325 2634 423 2684; x_wconf 87' lang='lat' dir='ltr'>tatem</span> <span class='ocrx_word' id='word_1_143' title='bbox 438 2640 536 2704; x_wconf 85' lang='lat' dir='ltr'>quarn</span> <span class='ocrx_word' id='word_1_144' title='bbox 552 2619 763 2703; x_wconf 79' lang='lat' dir='ltr'>evangelium.</span> <span class='ocrx_word' id='word_1_145' title='bbox 780 2622 862 2684; x_wconf 87' lang='lat' dir='ltr'>Nara</span> <span class='ocrx_word' id='word_1_146' title='bbox 878 2620 980 2704; x_wconf 85' lang='lat' dir='ltr'>prima</span> <span class='ocrx_word' id='word_1_147' title='bbox 994 2621 1131 2705; x_wconf 89' lang='lat' dir='ltr'>epistola</span> <span class='ocrx_word' id='word_1_148' title='bbox 1146 2619 1313 2684; x_wconf 87' lang='lat' dir='ltr'>decretalis</span> <span class='ocrx_word' id='word_1_149' title='bbox 1322 2642 1358 2680; x_wconf 83' lang='lat' dir='ltr'>so</span> 
     </span>
     <span class='ocr_line' id='line_1_22' title="bbox 324 2723 1312 2809; baseline 0.001 -22"><span class='ocrx_word' id='word_1_150' title='bbox 324 2723 503 2788; x_wconf 85' lang='lat' dir='ltr'>secundum</span> <span class='ocrx_word' id='word_1_151' title='bbox 524 2724 612 2809; x_wconf 86' lang='lat' dir='ltr'>ipsos</span> <span class='ocrx_word' id='word_1_152' title='bbox 634 2739 682 2788; x_wconf 89' lang='lat' dir='ltr'>est</span> <span class='ocrx_word' id='word_1_153' title='bbox 706 2724 789 2808; x_wconf 87' lang='lat' dir='ltr'>paris</span> <span class='ocrx_word' id='word_1_154' title='bbox 811 2725 1010 2788; x_wconf 76' lang='lat' dir='ltr'>auctoritatis</span> <span class='ocrx_word' id='word_1_155' title='bbox 1032 2745 1110 2789; x_wconf 87' lang='lat' dir='ltr'>curn</span> <span class='ocrx_word' id='word_1_156' title='bbox 1131 2723 1312 2808; x_wconf 77' lang='lat' dir='ltr'>evangelio.</span> 
     </span>
     <span class='ocr_line' id='line_1_23' title="bbox 368 2827 1312 2912; baseline 0 -20"><span class='ocrx_word' id='word_1_157' title='bbox 368 2829 415 2892; x_wconf 84' lang='lat' dir='ltr'>Ex</span> <span class='ocrx_word' id='word_1_158' title='bbox 444 2848 511 2912; x_wconf 91' lang='lat' dir='ltr'>quo</span> <span class='ocrx_word' id='word_1_159' title='bbox 540 2827 665 2893; x_wconf 82' lang='lat' dir='ltr'>videtur</span> <span class='ocrx_word' id='word_1_160' title='bbox 692 2848 847 2912; x_wconf 81' lang='lat' dir='ltr'>magnum</span> <span class='ocrx_word' id='word_1_161' title='bbox 878 2850 946 2893; x_wconf 89' lang='lat' dir='ltr'>esse</span> <span class='ocrx_word' id='word_1_162' title='bbox 977 2844 1145 2912; x_wconf 86' lang='lat' dir='ltr'>peccatum</span> <span class='ocrx_word' id='word_1_163' title='bbox 1173 2830 1215 2892; x_wconf 90' lang='lat' dir='ltr'>ab</span> <span class='ocrx_word' id='word_1_164' title='bbox 1243 2828 1312 2912; x_wconf 89' lang='lat' dir='ltr'>ipsa</span> 
     </span>
     <span class='ocr_line' id='line_1_24' title="bbox 324 2932 1312 3017; baseline -0.001 -20"><span class='ocrx_word' id='word_1_165' title='bbox 324 2933 444 3017; x_wconf 86' lang='lat' dir='ltr'>aliquid</span> <span class='ocrx_word' id='word_1_166' title='bbox 460 2935 624 3017; x_wconf 83' lang='lat' dir='ltr'>abrogare.</span> <span class='ocrx_word' id='word_1_167' title='bbox 642 2933 695 2997; x_wconf 85' lang='lat' dir='ltr'>sie</span> <span class='ocrx_word' id='word_1_168' title='bbox 710 2954 784 3017; x_wconf 79' lang='lat' dir='ltr'>ergo</span> <span class='ocrx_word' id='word_1_169' title='bbox 799 2935 925 2997; x_wconf 87' lang='lat' dir='ltr'>videtur</span> <span class='ocrx_word' id='word_1_170' title='bbox 940 2950 972 2996; x_wconf 88' lang='lat' dir='ltr'>et</span> <span class='ocrx_word' id='word_1_171' title='bbox 988 2933 1088 2997; x_wconf 88' lang='lat' dir='ltr'>libros</span> <span class='ocrx_word' id='word_1_172' title='bbox 1102 2932 1312 2997; x_wconf 83' lang='lat' dir='ltr'>decretalium</span> 
     </span>
     <span class='ocr_line' id='line_1_25' title="bbox 324 3037 1312 3120; baseline 0 -20"><span class='ocrx_word' id='word_1_173' title='bbox 324 3039 409 3120; x_wconf 88' lang='lat' dir='ltr'>paris</span> <span class='ocrx_word' id='word_1_174' title='bbox 440 3058 508 3101; x_wconf 86' lang='lat' dir='ltr'>esse</span> <span class='ocrx_word' id='word_1_175' title='bbox 538 3037 735 3101; x_wconf 76' lang='lat' dir='ltr'>auctoritatis</span> <span class='ocrx_word' id='word_1_176' title='bbox 765 3057 837 3101; x_wconf 88' lang='lat' dir='ltr'>cum</span> <span class='ocrx_word' id='word_1_177' title='bbox 871 3037 964 3101; x_wconf 87' lang='lat' dir='ltr'>audis</span> <span class='ocrx_word' id='word_1_178' title='bbox 997 3037 1140 3120; x_wconf 87' lang='lat' dir='ltr'>epistolis</span> <span class='ocrx_word' id='word_1_179' title='bbox 1169 3057 1252 3120; x_wconf 89' lang='lat' dir='ltr'>pape</span> <span class='ocrx_word' id='word_1_180' title='bbox 1280 3050 1312 3100; x_wconf 92' lang='lat' dir='ltr'>ct</span> 
     </span>
     <span class='ocr_line' id='line_1_26' title="bbox 324 3141 1354 3226; baseline 0.002 -22"><span class='ocrx_word' id='word_1_181' title='bbox 324 3141 535 3205; x_wconf 87' lang='lat' dir='ltr'>cardinalium</span> <span class='ocrx_word' id='word_1_182' title='bbox 572 3162 713 3226; x_wconf 88' lang='lat' dir='ltr'>quorum</span> <span class='ocrx_word' id='word_1_183' title='bbox 749 3142 970 3206; x_wconf 86' lang='lat' dir='ltr'>auctoritatem</span> <span class='ocrx_word' id='word_1_184' title='bbox 1013 3142 1138 3205; x_wconf 84' lang='lat' dir='ltr'>excedit</span> <span class='ocrx_word' id='word_1_185' title='bbox 1175 3141 1310 3205; x_wconf 86' lang='lat' dir='ltr'>sinodus</span> <span class='ocrx_word' id='word_1_186' title='bbox 1322 3152 1354 3206; x_wconf 79' lang='lat'>25</span> 
     </span>
     <span class='ocr_line' id='line_1_27' title="bbox 326 3246 763 3330; baseline 0.002 -21"><span class='ocrx_word' id='word_1_187' title='bbox 326 3246 409 3309; x_wconf 80' lang='lat' dir='ltr'>iacta</span> <span class='ocrx_word' id='word_1_188' title='bbox 432 3268 489 3330; x_wconf 88' lang='lat' dir='ltr'>per</span> <span class='ocrx_word' id='word_1_189' title='bbox 511 3247 703 3310; x_wconf 87' lang='lat' dir='ltr'>Nicholaum</span> <span class='ocrx_word' id='word_1_190' title='bbox 727 3247 763 3311; x_wconf 88' lang='lat'>11.</span> 
     </span>
     <span class='ocr_line' id='line_1_28' title="bbox 105 3351 1311 3437; baseline -0.001 -23"><span class='ocrx_word' id='word_1_191' title='bbox 105 3382 314 3427; x_wconf 49' lang='lat' dir='ltr'>„ivea-madum</span> <span class='ocrx_word' id='word_1_192' title='bbox 368 3352 537 3430; x_wconf 86' lang='lat' dir='ltr'>Quantum</span> <span class='ocrx_word' id='word_1_193' title='bbox 573 3354 614 3414; x_wconf 88' lang='lat' dir='ltr'>ad</span> <span class='ocrx_word' id='word_1_194' title='bbox 649 3351 727 3415; x_wconf 88' lang='lat' dir='ltr'>iilud</span> <span class='ocrx_word' id='word_1_195' title='bbox 763 3351 947 3414; x_wconf 88' lang='lat' dir='ltr'>trimembre</span> <span class='ocrx_word' id='word_1_196' title='bbox 984 3367 1210 3435; x_wconf 81' lang='lat' dir='ltr'>argumentum</span> <span class='ocrx_word' id='word_1_197' title='bbox 1244 3371 1311 3437; x_wconf 94' lang='lat' dir='ltr'>quo</span> 
     </span>
    </p>
   </div>
   <div class='ocr_carea' id='block_1_3' title="bbox 105 3437 1310 3540">
    <p class='ocr_par' dir='ltr' id='par_1_3' title="bbox 105 3437 1310 3540">
     <span class='ocr_line' id='line_1_29' title="bbox 105 3437 1310 3540; baseline 0.011 -30"><span class='ocrx_word' id='word_1_198' title='bbox 105 3437 307 3531; x_wconf 54' lang='lat' dir='ltr'>&#39;⁰⁵⁵⁰lodffissm</span> <span class='ocrx_word' id='word_1_199' title='bbox 324 3457 478 3519; x_wconf 84' lang='lat' dir='ltr'>suadetur</span> <span class='ocrx_word' id='word_1_200' title='bbox 509 3458 763 3540; x_wconf 84' lang='lat' dir='ltr'>incompetencia</span> <span class='ocrx_word' id='word_1_201' title='bbox 801 3457 894 3520; x_wconf 87' lang='lat' dir='ltr'>huius</span> <span class='ocrx_word' id='word_1_202' title='bbox 931 3457 1104 3536; x_wconf 84' lang='lat' dir='ltr'>sentencie,</span> <span class='ocrx_word' id='word_1_203' title='bbox 1143 3472 1232 3539; x_wconf 87' lang='lat' dir='ltr'>patet</span> <span class='ocrx_word' id='word_1_204' title='bbox 1270 3458 1310 3518; x_wconf 82' lang='lat' dir='ltr'>ad</span> 
     </span>
    </p>
   </div>
   <div class='ocr_carea' id='block_1_4' title="bbox 103 3541 1311 3647">
    <p class='ocr_par' dir='ltr' id='par_1_4' title="bbox 103 3541 1311 3647">
     <span class='ocr_line' id='line_1_30' title="bbox 103 3541 1311 3647; baseline -0.002 -21"><span class='ocrx_word' id='word_1_205' title='bbox 103 3541 465 3647; x_wconf 48' lang='lat' dir='ltr'>Stissfliflnffl‘gassfffprimum</span> <span class='ocrx_word' id='word_1_206' title='bbox 506 3581 574 3645; x_wconf 91' lang='lat' dir='ltr'>quo</span> <span class='ocrx_word' id='word_1_207' title='bbox 617 3563 732 3625; x_wconf 90' lang='lat' dir='ltr'>dicitur</span> <span class='ocrx_word' id='word_1_208' title='bbox 767 3564 853 3645; x_wconf 88' lang='lat' dir='ltr'>quod</span> <span class='ocrx_word' id='word_1_209' title='bbox 900 3563 961 3625; x_wconf 92' lang='lat' dir='ltr'>hoc</span> <span class='ocrx_word' id='word_1_210' title='bbox 1005 3562 1130 3646; x_wconf 86' lang='lat' dir='ltr'>posicio</span> <span class='ocrx_word' id='word_1_211' title='bbox 1176 3562 1311 3645; x_wconf 88' lang='lat' dir='ltr'>impedit</span> 
     </span>
    </p>
   </div>
   <div class='ocr_carea' id='block_1_5' title="bbox 112 3646 1355 3759">
    <p class='ocr_par' dir='ltr' id='par_1_5' title="bbox 112 3646 1355 3759">
     <span class='ocr_line' id='line_1_31' title="bbox 112 3646 1355 3759; baseline 0 -32"><span class='ocrx_word' id='word_1_212' title='bbox 112 3646 276 3759; x_wconf 49' lang='lat' dir='ltr'>„vonssffpss&#39;ipfssffi</span> <span class='ocrx_word' id='word_1_213' title='bbox 290 3710 304 3741; x_wconf 77' lang='lat' dir='ltr'>a</span> <span class='ocrx_word' id='word_1_214' title='bbox 322 3665 567 3729; x_wconf 88' lang='lat' dir='ltr'>veneracionem</span> <span class='ocrx_word' id='word_1_215' title='bbox 596 3668 738 3730; x_wconf 88' lang='lat' dir='ltr'>debitam</span> <span class='ocrx_word' id='word_1_216' title='bbox 766 3667 839 3730; x_wconf 89' lang='lat' dir='ltr'>huic</span> <span class='ocrx_word' id='word_1_217' title='bbox 867 3684 1077 3746; x_wconf 85' lang='lat' dir='ltr'>sacramento,</span> <span class='ocrx_word' id='word_1_218' title='bbox 1110 3680 1198 3749; x_wconf 85' lang='lat' dir='ltr'>patet</span> <span class='ocrx_word' id='word_1_219' title='bbox 1221 3667 1355 3750; x_wconf 84' lang='lat' dir='ltr'>quod30</span> 
     </span>
    </p>
   </div>
   <div class='ocr_carea' id='block_1_6' title="bbox 121 3751 1310 3859">
    <p class='ocr_par' dir='ltr' id='par_1_6' title="bbox 121 3751 1310 3859">
     <span class='ocr_line' id='line_1_32' title="bbox 121 3751 1310 3859; baseline -0.003 -22"><span class='ocrx_word' id='word_1_220' title='bbox 121 3751 293 3859; x_wconf 52' lang='lat' dir='ltr'>mmsifflssf&#39;ffl</span> <span class='ocrx_word' id='word_1_221' title='bbox 324 3772 439 3835; x_wconf 84' lang='lat' dir='ltr'>salsum</span> <span class='ocrx_word' id='word_1_222' title='bbox 474 3772 657 3848; x_wconf 80' lang='lat' dir='ltr'>assumitur,</span> <span class='ocrx_word' id='word_1_223' title='bbox 694 3773 748 3836; x_wconf 89' lang='lat' dir='ltr'>sed</span> <span class='ocrx_word' id='word_1_224' title='bbox 781 3773 892 3836; x_wconf 88' lang='lat' dir='ltr'>nititur</span> <span class='ocrx_word' id='word_1_225' title='bbox 925 3774 1086 3837; x_wconf 88' lang='lat' dir='ltr'>destruere</span> <span class='ocrx_word' id='word_1_226' title='bbox 1117 3771 1310 3856; x_wconf 86' lang='lat' dir='ltr'>ydolatriam</span> 
     </span>
    </p>
   </div>
   <div class='ocr_carea' id='block_1_7' title="bbox 322 3876 1310 3961">
    <p class='ocr_par' dir='ltr' id='par_1_7' title="bbox 322 3876 1310 3961">
     <span class='ocr_line' id='line_1_33' title="bbox 322 3876 1310 3961; baseline 0.001 -24"><span class='ocrx_word' id='word_1_227' title='bbox 322 3895 386 3958; x_wconf 88' lang='lat' dir='ltr'>qua</span> <span class='ocrx_word' id='word_1_228' title='bbox 415 3876 510 3940; x_wconf 88' lang='lat' dir='ltr'>nimis</span> <span class='ocrx_word' id='word_1_229' title='bbox 538 3877 629 3940; x_wconf 88' lang='lat' dir='ltr'>multi</span> <span class='ocrx_word' id='word_1_230' title='bbox 658 3879 768 3940; x_wconf 89' lang='lat' dir='ltr'>colunt</span> <span class='ocrx_word' id='word_1_231' title='bbox 798 3897 914 3961; x_wconf 90' lang='lat' dir='ltr'>corpus</span> <span class='ocrx_word' id='word_1_232' title='bbox 944 3877 1208 3940; x_wconf 86' lang='lat' dir='ltr'>mathematicum</span> <span class='ocrx_word' id='word_1_233' title='bbox 1232 3876 1310 3939; x_wconf 85' lang='lat' dir='ltr'>false</span> 
     </span>
    </p>
   </div>
   <div class='ocr_carea' id='block_1_8' title="bbox 318 4061 1311 4401">
    <p class='ocr_par' dir='ltr' id='par_1_8' title="bbox 318 4061 1311 4401">
     <span class='ocr_line' id='line_1_34' title="bbox 372 4061 1311 4121; baseline 0 -14"><span class='ocrx_word' id='word_1_234' title='bbox 372 4074 393 4107; x_wconf 82' lang='lat' dir='ltr'>s.</span> <span class='ocrx_word' id='word_1_235' title='bbox 403 4063 458 4108; x_wconf 78' lang='lat' dir='ltr'>AB:</span> <span class='ocrx_word' id='word_1_236' title='bbox 472 4066 589 4116; x_wconf 69' lang='lat' dir='ltr'>rerrrarret,⁸</span> <span class='ocrx_word' id='word_1_237' title='bbox 602 4062 634 4107; x_wconf 87' lang='lat' dir='ltr'>C:</span> <span class='ocrx_word' id='word_1_238' title='bbox 648 4063 756 4108; x_wconf 82' lang='lat' dir='ltr'>correxit.</span> <span class='ocrx_word' id='word_1_239' title='bbox 803 4061 822 4108; x_wconf 84' lang='lat'>3.</span> <span class='ocrx_word' id='word_1_240' title='bbox 832 4063 927 4109; x_wconf 81' lang='lat' dir='ltr'>ABCE:</span> <span class='ocrx_word' id='word_1_241' title='bbox 942 4063 1091 4121; x_wconf 78' lang='lat' dir='ltr'>diffiniendo.</span> <span class='ocrx_word' id='word_1_242' title='bbox 1140 4076 1163 4120; x_wconf 78' lang='lat'>9.</span> <span class='ocrx_word' id='word_1_243' title='bbox 1175 4063 1208 4108; x_wconf 88' lang='lat' dir='ltr'>D:</span> <span class='ocrx_word' id='word_1_244' title='bbox 1223 4063 1311 4109; x_wconf 78' lang='lat' dir='ltr'>dicitur</span> 
     </span>
     <span class='ocr_line' id='line_1_35' title="bbox 319 4132 1310 4191; baseline 0.001 -14"><span class='ocrx_word' id='word_1_245' title='bbox 319 4132 378 4185; x_wconf 81' lang='lat' dir='ltr'>r&#39;tta‚·</span> <span class='ocrx_word' id='word_1_246' title='bbox 390 4133 464 4178; x_wconf 74' lang='lat' dir='ltr'>ABE:</span> <span class='ocrx_word' id='word_1_247' title='bbox 480 4134 604 4179; x_wconf 78' lang='lat' dir='ltr'>dicituret.</span> <span class='ocrx_word' id='word_1_248' title='bbox 646 4135 673 4178; x_wconf 74' lang='lat' dir='ltr'>ri.</span> <span class='ocrx_word' id='word_1_249' title='bbox 689 4134 719 4178; x_wconf 84' lang='lat' dir='ltr'>B:</span> <span class='ocrx_word' id='word_1_250' title='bbox 733 4140 810 4190; x_wconf 69' lang='lat' dir='ltr'>atque.</span> <span class='ocrx_word' id='word_1_251' title='bbox 825 4135 928 4179; x_wconf 81' lang='lat' dir='ltr'>Rectirrs:</span> <span class='ocrx_word' id='word_1_252' title='bbox 944 4135 1104 4178; x_wconf 64' lang='lat' dir='ltr'>rainiariam.</span> <span class='ocrx_word' id='word_1_253' title='bbox 1147 4146 1177 4190; x_wconf 88' lang='lat'>¹7·</span> <span class='ocrx_word' id='word_1_254' title='bbox 1194 4133 1245 4178; x_wconf 77' lang='lat' dir='ltr'>DE:</span> <span class='ocrx_word' id='word_1_255' title='bbox 1260 4135 1310 4191; x_wconf 83' lang='lat' dir='ltr'>cpi·</span> 
     </span>
     <span class='ocr_line' id='line_1_36' title="bbox 318 4203 1309 4260; baseline 0.002 -14"><span class='ocrx_word' id='word_1_256' title='bbox 318 4203 384 4246; x_wconf 83' lang='lat' dir='ltr'>stolis</span> <span class='ocrx_word' id='word_1_257' title='bbox 395 4204 492 4259; x_wconf 78' lang='lat' dir='ltr'>populo.</span> <span class='ocrx_word' id='word_1_258' title='bbox 541 4216 572 4259; x_wconf 85' lang='lat'>¹9·</span> <span class='ocrx_word' id='word_1_259' title='bbox 589 4205 621 4248; x_wconf 80' lang='lat' dir='ltr'>n:</span> <span class='ocrx_word' id='word_1_260' title='bbox 638 4205 779 4260; x_wconf 79' lang='lat' dir='ltr'>populorum</span> <span class='ocrx_word' id='word_1_261' title='bbox 791 4205 905 4260; x_wconf 79' lang='lat' dir='ltr'>priorum.</span> <span class='ocrx_word' id='word_1_262' title='bbox 955 4216 990 4248; x_wconf 83' lang='lat' dir='ltr'>ao.</span> <span class='ocrx_word' id='word_1_263' title='bbox 1006 4203 1038 4248; x_wconf 90' lang='lat' dir='ltr'>C:</span> <span class='ocrx_word' id='word_1_264' title='bbox 1052 4203 1170 4257; x_wconf 54' lang='lat' dir='ltr'>secundm</span> <span class='ocrx_word' id='word_1_265' title='bbox 1188 4203 1219 4247; x_wconf 88' lang='lat' dir='ltr'>ib.</span> <span class='ocrx_word' id='word_1_266' title='bbox 1233 4203 1309 4248; x_wconf 76' lang='lat' dir='ltr'><strong>ABE:</strong></span> 
     </span>
     <span class='ocr_line' id='line_1_37' title="bbox 318 4271 1308 4330; baseline 0.001 -14"><span class='ocrx_word' id='word_1_267' title='bbox 318 4274 442 4318; x_wconf 77' lang='lat' dir='ltr'>secundam</span> <span class='ocrx_word' id='word_1_268' title='bbox 451 4274 585 4330; x_wconf 65' lang='lat' dir='ltr'>epistolam</span> <span class='ocrx_word' id='word_1_269' title='bbox 598 4274 630 4318; x_wconf 85' lang='lat' dir='ltr'>C:</span> <span class='ocrx_word' id='word_1_270' title='bbox 645 4273 746 4318; x_wconf 78' lang='lat' dir='ltr'>secanda</span> <span class='ocrx_word' id='word_1_271' title='bbox 757 4274 863 4330; x_wconf 80' lang='lat' dir='ltr'>epistola.</span> <span class='ocrx_word' id='word_1_272' title='bbox 903 4271 937 4318; x_wconf 81' lang='lat'>23.</span> <span class='ocrx_word' id='word_1_273' title='bbox 949 4274 981 4318; x_wconf 81' lang='lat' dir='ltr'>ll:</span> <span class='ocrx_word' id='word_1_274' title='bbox 995 4273 1070 4318; x_wconf 82' lang='lat' dir='ltr'>aliud.</span> <span class='ocrx_word' id='word_1_275' title='bbox 1112 4285 1148 4328; x_wconf 84' lang='lat'>24.</span> <span class='ocrx_word' id='word_1_276' title='bbox 1163 4278 1200 4326; x_wconf 60' lang='grc' dir='ltr'>εκ</span> <span class='ocrx_word' id='word_1_277' title='bbox 1213 4272 1246 4329; x_wconf 71' lang='lat' dir='ltr'>[ir</span> <span class='ocrx_word' id='word_1_278' title='bbox 1259 4279 1308 4318; x_wconf 79' lang='lat' dir='ltr'>aar.</span> 
     </span>
     <span class='ocr_line' id='line_1_38' title="bbox 318 4342 1196 4401; baseline 0.002 -15"><span class='ocrx_word' id='word_1_279' title='bbox 318 4344 354 4389; x_wconf 76' lang='lat' dir='ltr'>aa.</span> <span class='ocrx_word' id='word_1_280' title='bbox 369 4343 443 4389; x_wconf 76' lang='lat' dir='ltr'>ABE:</span> <span class='ocrx_word' id='word_1_281' title='bbox 458 4350 539 4389; x_wconf 78' lang='lat' dir='ltr'>sancta</span> <span class='ocrx_word' id='word_1_282' title='bbox 550 4357 602 4401; x_wconf 83' lang='lat' dir='ltr'>per.</span> <span class='ocrx_word' id='word_1_283' title='bbox 655 4356 690 4399; x_wconf 83' lang='lat'>27.</span> <span class='ocrx_word' id='word_1_284' title='bbox 705 4344 779 4389; x_wconf 76' lang='lat' dir='ltr'>ABC:</span> <span class='ocrx_word' id='word_1_285' title='bbox 793 4345 817 4388; x_wconf 86' lang='lat' dir='ltr'>ia</span> <span class='ocrx_word' id='word_1_286' title='bbox 831 4357 885 4401; x_wconf 76' lang='lat' dir='ltr'>pao.</span> <span class='ocrx_word' id='word_1_287' title='bbox 939 4342 969 4388; x_wconf 77' lang='lat'>31.</span> <span class='ocrx_word' id='word_1_288' title='bbox 985 4344 1015 4387; x_wconf 81' lang='lat' dir='ltr'>li:</span> <span class='ocrx_word' id='word_1_289' title='bbox 1030 4344 1091 4388; x_wconf 81' lang='lat' dir='ltr'>sicat</span> <span class='ocrx_word' id='word_1_290' title='bbox 1104 4343 1196 4388; x_wconf 80' lang='lat' dir='ltr'>aititur.</span> 
     </span>
    </p>
   </div>
   <div class='ocr_carea' id='block_1_9' title="bbox 372 4451 681 4521">
    <p class='ocr_par' dir='ltr' id='par_1_9' title="bbox 372 4451 681 4521">
     <span class='ocr_line' id='line_1_39' title="bbox 372 4451 681 4521; baseline -0.003 -17"><span class='ocrx_word' id='word_1_291' title='bbox 372 4451 414 4505; x_wconf 82' lang='lat'>26.</span> <span class='ocrx_word' id='word_1_292' title='bbox 433 4453 474 4505; x_wconf 83' lang='lat' dir='ltr'>Cf.</span> <span class='ocrx_word' id='word_1_293' title='bbox 493 4455 681 4521; x_wconf 77' lang='lat' dir='ltr'>pag.137‚s4.</span> 
     </span>
    </p>
   </div>
   <div class='ocr_carea' id='block_1_10' title="bbox 0 0 1528 4920">
    <p class='ocr_par' dir='ltr' id='par_1_10' title="bbox 0 0 1528 4920">
     <span class='ocr_line' id='line_1_40' title="bbox 0 0 1528 4920; baseline 0 2"><span class='ocrx_word' id='word_1_294' title='bbox 0 0 1528 4920; x_wconf 95' lang='lat' dir='ltr'> </span> 
     </span>
    </p>
   </div>
  </div>
 </body>
</html>
