3046 4920
210 447 282 493 can.
296 432 350 523 ru]
555 457 601 507 na
620 454 867 506 auenanrsm.

210 611 258 674 sic
281 632 340 676 nec
363 612 548 677 substantie
572 631 630 674 nec
658 611 850 691 accidentia,
875 630 950 673 cum
973 628 1125 694 poterunt
1149 634 1205 695 per

210 736 244 777 se
267 737 347 795 esse,
380 717 461 801 quin
485 734 542 798 per
569 715 653 777 idem
678 730 726 777 est
749 716 825 777 dare
849 715 994 778 veritates
1026 716 1102 779 alias
1133 737 1202 798 pre·

210 820 438 885 dicamentales
467 819 639 883 duodecim
672 839 837 900 generum,
862 835 899 883 ut
922 820 1002 883 olim
1026 837 1203 903 posuerunt

210 926 410 1010 philosophi.
436 925 478 989 Et
493 938 582 1009 patet
604 939 723 1007 quante
747 944 836 988 error
859 923 952 988 fictus
969 927 1009 988 de
1025 924 1087 989 hoc
1103 944 1204 988 sacra·

184 1034 321 1094 ⁵mento
345 1029 512 1113 perturbat
535 1029 759 1111 philosophos.

254 1136 344 1214 ltem,
376 1135 467 1198 iuxta
499 1133 582 1197 hant
606 1133 690 1196 viam
724 1154 791 1196 non
825 1135 1068 1198 convinceretur
1099 1134 1421 1218 philo-naccumacan

1267 1201 1326 1244 exist
1341 1202 1369 1244 ol'

209 1239 341 1322 sophica
365 1239 474 1322 aliqua
497 1238 669 1302 materialis
691 1239 882 1320 substancia,
914 1239 991 1322 quia
1018 1239 1125 1303 omnia
1147 1259 1199 1302 ex·
1217 1253 1364 1348 tinniat-pas,
1380 1265 1415 1296 we

210 1342 369 1427 perientia
401 1343 442 1405 de
473 1357 565 1406 motu
596 1343 643 1404 vel
675 1343 946 1407 transmutatione
978 1343 1114 1407 subiecti
1146 1359 1201 1408 aut
1211 1313 1411 1454 Μώὲὲὶῑέοῧῖξῃῃ

209 1450 320 1533 aliquo
356 1448 528 1529 allegando
561 1461 670 1529 posset
704 1448 819 1510 salvari
854 1447 922 1511 aine
957 1449 1011 1511 tali
1047 1449 1200 1511 materiali

167 1552 380 1637 roprintipio‚
415 1570 491 1635 ergo
521 1550 635 1614 frustra
659 1567 706 1614 est
730 1571 850 1634 ponere
872 1553 969 1616 talem
993 1552 1202 1635 inperfectam

208 1657 440 1737 substanciam,
476 1674 549 1718 cum
585 1674 642 1717 nec
677 1655 763 1718 ratio
799 1676 857 1720 nec
891 1657 1088 1740 experientia
1121 1657 1202 1721 hanc

208 1759 381 1826 convincit.
416 1759 469 1824 Sic
493 1760 579 1822 eninr
603 1775 736 1842 possent
767 1761 942 1843 sompniari
975 1759 1099 1825 infinite
1126 1766 1200 1826 sub·

207 1864 329 1928 stancie
352 1863 420 1928 sine
442 1863 573 1927 racione
596 1878 756 1927 movente.
782 1870 997 1947 Assumptum
1014 1880 1101 1948 patet
1117 1867 1202 1930 iuxta

207 1971 253 2033 sic
277 1970 458 2052 loquentes,
492 1987 566 2031 curn
599 1981 726 2050 ponunt
759 1968 937 2031 accidencia
971 1990 1066 2051 posse
1091 1990 1201 2052 perse

166 2080 302 2158 magere
325 2087 357 2137 et
380 2072 446 2156 pati
470 2092 553 2156 eque
578 2070 747 2136 elfitaciter
771 2087 807 2135 ut
829 2074 929 2135 modo
953 2074 1020 2137 sine
1043 2076 1201 2138 substrata

208 2177 364 2242 materiali
388 2177 582 2240 substancia.
607 2175 693 2240 Cum
718 2196 795 2259 ergo
817 2176 907 2240 iuxta
929 2178 1201 2261 philosophorum

207 2283 367 2366 principia
401 2280 517 2345 frustra
540 2280 577 2344 fir
600 2301 656 2364 per
679 2282 780 2364 plura,
813 2282 903 2364 quod
926 2280 991 2344 fieri
1016 2297 1122 2365 potest
1146 2304 1201 2367 per

208 2387 362 2470 pauciora
386 2399 419 2448 et
442 2398 558 2448 natura
577 2387 643 2468 agit
666 2385 802 2448 breviori
826 2386 926 2448 modo
950 2406 1050 2469 quam
1073 2388 1199 2470 poterit,

206 2493 333 2555 videtur
368 2509 437 2553 esse
477 2490 591 2574 phisici
629 2508 744 2573 negare
780 2489 968 2553 huiusmodi
1003 2493 1201 2555 materialem

161 2595 425 2660 aosubstanciatn
449 2594 631 2657 sensibilem
652 2609 683 2657 et
703 2614 823 2676 ponere
839 2593 1032 2658 sufficienter
1047 2597 1086 2658 ad
1104 2594 1199 2659 finem

206 2717 320 2766 nature
343 2700 451 2784 aliqua
474 2699 711 2783 predicamenta
736 2699 916 2763 accidentis.

248 2807 316 2869 Nec
339 2804 424 2868 valet
446 2804 582 2887 allegare
606 2803 637 2865 in
662 2803 725 2866 isto
748 2803 900 2867 miracula
924 2806 964 2866 ad
988 2806 1197 2868 tolotandum
1235 2819 1393 2918 Tsslfffllssssf

205 2928 435 2995 quamcunque
453 2907 642 2992 opinionem
659 2909 850 2970 contrariam
866 2908 1006 2988 veritati3
1030 2929 1095 2970 non
1111 2911 1196 2972 enim
1208 2925 1419 3021 ¹¹⁰⁶‚{⁰:,¹·¹,?gl·„‘⁰‘

206 3014 359 3078 fundatur
393 3011 506 3077 fictum
541 3012 744 3075 miraculum.
784 3012 933 3076 Secundo
965 3013 1041 3095 quia
1072 3014 1116 3076 ait
1147 3033 1197 3076 ac·
1238 3029 1389 3091 quesituros

160 3127 193 3180 25
205 3119 313 3182 cidens
336 3116 457 3182 lactum
481 3116 662 3181 subiectum
685 3116 1059 3180 transsubstantiationis
1082 3133 1199 3181 crearet
1222 3082 1407 3195 mplngapggurpof

204 3224 238 3285 in
253 3244 328 3287 easu
346 3236 379 3286 et
394 3221 582 3286 anichilaret
606 3235 638 3285 et
661 3237 766 3284 tamen
792 3242 866 3284 tum
883 3221 923 3285 sit
940 3242 989 3285 res
1012 3221 1199 3304 inanimata,
1249 3185 1379 3294 'iiiiiig‘if

205 3348 271 3390 non
304 3327 428 3392 habens
460 3327 764 3409 substantiamque
787 3340 979 3390 sustentaret
1002 3327 1071 3390 eius
1095 3342 1198 3391 muta·

204 3433 343 3511 cionem,
367 3431 457 3496 nulla
481 3450 546 3495 una
569 3450 759 3514 permanens
783 3431 918 3515 qualitas
941 3446 1053 3513 posset
1068 3431 1132 3513 pati
1148 3432 1200 3497 vel

203 3557 306 3620 agere.
340 3542 556 3620 Assumptum
585 3538 630 3599 sic
658 3535 819 3620 arguitur:
853 3536 963 3599 Posito
992 3537 1081 3619 quod
1115 3537 1202 3599 calor

160 3652 261 3725 seper
283 3661 317 3705 se
341 3658 414 3725 agat
437 3642 468 3705 in
494 3657 705 3721 sacramento,
729 3660 902 3724 quousque
926 3639 983 3703 liat
1005 3640 1198 3704 alimentum

258 3861 273 3892 ι.
287 3846 364 3892 ABC:
384 3859 428 3891 trec
441 3846 507 3891 deest
524 3846 601 3890 before
616 3847 760 3899 substancie;
780 3845 833 3889 DE:
847 3846 880 3888 rr't
894 3847 970 3898 deest;
991 3847 1021 3889 ib.
1038 3846 1069 3890 C:
1082 3848 1201 3902 poterint,-

205 3918 235 3962 ti:
248 3923 383 3974 potuerant.
424 3931 448 3970 4.
459 3917 513 3962 AB:
530 3917 574 3959 lroc
584 3917 657 3960 deest.
697 3916 719 3969 8,
731 3929 754 3971 9.
765 3915 840 3961 ABC:
856 3922 899 3959 out
911 3928 972 3972 qao,·
986 3915 1005 3960 C
1020 3929 1095 3960 corr:
1110 3918 1199 3972 aliquo.

204 4000 226 4043 o.
246 3987 301 4031 All:
322 3987 437 4039 notarim·
456 3986 477 4031 C
495 3998 557 4030 corr.
576 3986 599 4030 in
620 3998 693 4041 marg.
775 3984 803 4031 13.
824 3985 922 4030 ABCD:
943 3991 1107 4042 argumentum
1123 3992 1198 4042 paret.

206 4059 236 4101 ill.
248 4055 344 4101 ABCE:
357 4062 429 4114 αμι,Ι
443 4056 474 4099 ib.
485 4054 582 4101 ABCD:
597 4068 651 4112 qao.
702 4067 733 4111 tn.
746 4056 776 4099 B:
792 4069 842 4100 erse
851 4056 928 4109 dtest3
944 4057 975 4100 ib.
986 4055 1084 4101 ABCD:
1095 4056 1199 4111 plrr'loso·

202 4128 311 4184 phiram
319 4126 339 4170 D
346 4141 352 4170 r
359 4125 550 4182 pltr'loeoplrr'eunr
560 4126 684 4171 veraciter.
725 4138 762 4171 ao.
772 4127 804 4170 D:
815 4126 986 4177 triacastellam·
995 4126 1026 4170 ib.
1036 4126 1065 4169 B:
1076 4138 1199 4181 exponere.

205 4209 236 4242 aa.
246 4197 278 4241 D:
287 4195 467 4254 predicamenta
477 4196 536 4239 alia.
573 4208 607 4241 aa.
615 4195 689 4240 ABE:
698 4197 731 4240 ad
739 4197 799 4249 istm·
809 4196 909 4241 Ccorr:
921 4197 944 4240 r'n
955 4197 1007 4240 rito.
1044 4194 1079 4240 23.
1088 4196 1119 4240 D:
1130 4208 1199 4252 quam

205 4273 304 4311 enatum.
358 4265 390 4311 25.
406 4266 460 4311 CO:
475 4267 698 4319 transmutatum
711 4267 742 4311 ib.
755 4267 784 4310 B:
800 4271 894 4311 crearet
907 4266 931 4310 in
947 4277 1033 4320 marm
1048 4264 1079 4309 E:
1093 4272 1201 4317 careret,-

205 4341 241 4382 A:
261 4342 354 4382 careret
367 4336 462 4382 extintt.
476 4340 571 4382 crearet
583 4337 606 4381 in
622 4349 696 4391 marg.
755 4348 791 4392 ²9·
806 4334 904 4382 ABCD:
922 4340 1102 4392 argumentam-
1120 4337 1151 4379 ib.
1166 4336 1198 4381 C:

204 4408 285 4463 posito
298 4407 322 4452 in
337 4419 412 4463 marg.
427 4407 473 4451 alia
487 4418 566 4452 manu.
621 4404 656 4452 30.
673 4405 765 4452 BCDE:
780 4407 972 4457 alienatam.·1l:
988 4406 1044 4449 alita
1057 4407 1198 4450 alimentum.
