3046 4920
228 411 297 458 aaa.
312 397 355 489 u]
572 421 617 472 oa
638 422 882 475 eucnaarsria

229 596 288 657 pro
320 578 452 640 instanti
481 578 699 644 confectionis
723 581 875 647 desinunt
898 604 965 646 esse
989 587 1166 646 secundum
1189 605 1223 647 se

228 694 296 745 tota
331 697 361 746 et
394 698 537 746 remanet
568 685 674 747 solum
704 685 850 749 accidens
879 703 1129 766 sacramentum;
1162 689 1223 751 hoc

228 786 315 849 enim
344 804 503 872 repugnat
531 789 660 852 decreto
686 790 832 853 Romane
861 791 1000 870 ecclesie,
1028 791 1074 854 De
1098 788 1222 855 Conse·

228 893 387 974 cracione,
410 893 623 957 distinccione
648 893 704 975 112,
729 894 887 977 capitulo:
910 894 983 977 Ego
1003 895 1222 978 Beringarins

203 999 258 1060 Set
290 998 451 1060 sentencie
483 999 586 1061 sancti
620 999 796 1080 Augustini
830 1018 904 1060 cum
936 999 1004 1061 aliis
1037 1001 1154 1061 sanetis
1191 1016 1222 1063 et

228 1100 422 1165 racionibus.
447 1103 513 1164 Nec
537 1102 596 1163 scit
613 1116 681 1165 tota
698 1122 773 1184 pars
789 1103 920 1163 adversa
936 1100 1037 1164 facere
1053 1102 1223 1167 scintillam

227 1205 389 1269 evidencie
417 1226 480 1288 que
509 1205 596 1268 istud
615 1204 674 1266 ·vel
697 1206 795 1288 loyco
823 1206 978 1270 suaderet.
1013 1208 1121 1284 Quare
1144 1228 1222 1290 ergo

227 1323 436 1372 onerarentur
459 1309 606 1392 discipuli
633 1307 780 1373 Veritatis
802 1308 865 1373 hoc
888 1307 1037 1375 credere?

271 1415 338 1477 Nec
362 1414 446 1476 valet
470 1414 574 1475 dicere
607 1415 699 1497 quod
733 1415 910 1496 abrogatur
938 1415 1015 1479 illud
1044 1418 1219 1498 decretum,
1251 1429 1417 1475 ricaecreru

187 1517 310 1581 sesicut
335 1518 553 1580 communiter
577 1516 705 1597 dicitur,
729 1520 859 1603 quando
888 1519 993 1603 aliqua
1016 1521 1065 1584 lex
1088 1521 1236 1597 ecclesie,
1253 1483 1419 1597 sacillum

227 1641 293 1684 non
317 1620 423 1705 placet
444 1621 591 1704 satrapis,
615 1621 722 1704 primo
745 1623 821 1706 quia
845 1639 910 1686 tam
927 1627 1032 1708 glossa
1048 1601 1251 1708 Beringarii'⁵
1266 1589 1312 1632 ’ΠΗ
1327 1601 1351 1633 '¹¹
1366 1589 1438 1633 “m‘'

226 1745 325 1810 quam
342 1727 446 1809 glossa
463 1726 624 1789 ordinaria
643 1727 846 1790 decretorum
866 1728 979 1812 allegat
996 1730 1076 1792 illud
1095 1730 1219 1813 capitu·

225 1830 305 1912 lum,
324 1847 361 1894 ut
380 1846 468 1915 patet
491 1832 579 1911 alibi,
604 1833 750 1896 secundo
773 1833 850 1915 quia
868 1833 912 1895 V⁰
935 1833 1146 1899 Decretalium
1171 1836 1218 1898 De

227 1936 418 2016 Penitencia,
435 1937 579 2020 capitulo
596 1937 714 2019 primo,
731 1923 865 2001 docetur
881 1958 937 2021 per
952 1938 1013 2002 hoc
1031 1938 1218 2022 capitulum,

186 2042 316 2125 riquod
340 2042 397 2124 qui
418 2042 552 2125 publice
573 2051 690 2126 peccat
722 2040 812 2105 debet
834 2043 965 2126 publice
980 2044 1137 2127 penitere.
1179 2045 1220 2108 Et

226 2146 324 2210 tercio
363 2146 438 2230 quia
477 2167 552 2210 cum
590 2146 693 2229 tangit
726 2146 827 2210 iidem
858 2147 987 2211 ecclesie
1020 2164 1050 2211 et
1089 2147 1220 2212 fulcitur

224 2251 381 2334 scriptura
396 2271 494 2330 sacra,
507 2251 625 2314 sanctis
642 2252 834 2314 doctoribus
849 2267 880 2315 et
897 2252 1056 2315 evidencia
1073 2253 1219 2336 racionis,

225 2371 353 2438 oportet
377 2358 501 2437 docere,
525 2356 659 2438 quando
687 2370 718 2419 et
741 2355 876 2440 qualiter
902 2358 1083 2439 abrogatur.
1117 2359 1220 2422 Aliter

225 2460 313 2522 enim
342 2480 407 2523 non
436 2460 549 2542 pocius
579 2460 762 2524 crederetur
789 2462 850 2523 boc
880 2462 995 2524 dicenti
1023 2483 1122 2547 quam
1151 2463 1218 2526 cui·

184 2585 353 2650 rocunque
369 2565 481 2649 ydiote
500 2584 634 2628 omnem
649 2565 754 2647 legem
770 2565 898 2629 ecclesie
915 2588 970 2649 per
986 2567 1083 2630 istum
1101 2567 1214 2630 lucum

224 2669 441 2752 sophisticum
474 2670 660 2753 deneganti.
699 2672 781 2734 Nam
820 2670 922 2733 editor
954 2672 1118 2735 decretalis
1150 2692 1216 2735 non

223 2789 332 2858 potest
359 2775 554 2838 sentenciam
583 2775 678 2838 istam
712 2776 874 2839 destruere
909 2777 968 2839 nisi
1002 2779 1099 2840 docto
1128 2779 1217 2861 quod

223 2879 265 2942 sit
294 2881 454 2942 contraria
482 2879 543 2964 legi
568 2879 705 2958 Christi;
739 2882 795 2942 sed
823 2901 899 2944 curn
926 2882 987 2945 hoc
1011 2902 1075 2944 non
1100 2897 1217 2965 potest,

223 3000 367 3047 remanet
390 3004 514 3064 secura,
548 3000 579 3049 et
607 3005 801 3070 quecunque
835 2986 999 3049 decretalis
1028 2988 1067 3049 de
1094 3000 1216 3070 quanto

181 3088 317 3153 25luerit
348 3088 391 3153 illi
420 3089 578 3152 contraria
607 3090 803 3171 abroganda.
840 3092 964 3176 Penset,
993 3111 1083 3174 rogo,
1114 3089 1215 3154 fidelis

222 3195 392 3277 quomodo
425 3192 504 3257 fides
538 3195 577 3256 de
611 3195 780 3258 eukaristia
811 3195 905 3259 debet
939 3195 1055 3258 servari
1088 3194 1214 3258 confor-

221 3299 305 3361 mius
338 3299 494 3383 scripture
527 3319 625 3379 sacre,
659 3300 780 3362 racioni
813 3316 843 3363 et
874 3302 990 3364 sanctis
1019 3301 1214 3380 doctoribus,

222 3405 377 3488 ponendo
406 3406 496 3488 quod
526 3405 617 3487 panis
646 3420 676 3468 et
706 3405 818 3469 vinum
851 3422 925 3489 post
953 3404 1215 3468 benediccionem

222 3524 388 3571 remanent
413 3526 613 3573 sacramenta
639 3524 669 3573 et
685 3510 791 3573 videat
814 3532 911 3594 quare
935 3512 1029 3575 hodie
1053 3510 1214 3573 sentencia

179 3614 280 3678 30ista
304 3615 450 3677 Romane
485 3614 616 3677 ecclesie
648 3631 695 3678 est
729 3618 881 3698 neganda.
919 3616 1086 3700 Numquid
1119 3616 1212 3680 ascri·

271 3865 291 3897 ι.
306 3853 339 3897 D:
354 3852 549 3905 accidentaliter,-
567 3855 598 3898 ib.
614 3853 646 3897 C:
666 3854 710 3898 hoc
723 3855 748 3899 in
764 3867 838 3910 marg.
853 3856 897 3898 alia
912 3868 990 3900 manu.
1044 3855 1064 3910 3,
1077 3872 1101 3911 a.
1115 3857 1213 3902 auco:

219 3924 316 3967 ecclesie
337 3924 493 3967 dr‘str'ncer‘one
516 3923 540 3967 1!
561 3925 597 3968 De
622 3923 817 3969 consecratione.
920 3939 942 3982 9.
966 3926 1041 3970 ABD:
1070 3927 1212 3983 obrogatur.

220 4005 246 4038 ιι.
260 3993 358 4038 ABCD:
374 3994 456 4050 glossa
471 3993 616 4037 Bernhardt'.
671 4005 707 4038 ao.
723 3994 755 4038 D:
770 4007 856 4038 sucum.
909 4006 940 4048 ιι,
951 4007 983 4038 aa.
1000 3996 1050 4040 DE:
1066 4010 1112 4039 non
1125 4003 1212 4053 posset.

219 4075 252 4107 aa.
267 4062 322 4107 Aa:
342 4064 411 4107 istam
426 4063 504 4117 deest;
524 4063 581 4107 Cin
598 4075 672 4118 marg.
688 4063 763 4107 addit.
856 4066 892 4109 26.
907 4065 988 4116 deden·
1008 4065 1103 4110 ABCD:
1121 4071 1212 4121 posset.

219 4144 254 4188 ιι).
269 4132 325 4177 AC:
344 4133 416 4177 lodie
429 4144 511 4189 quare.

274 4291 313 4339 ¹4·
334 4276 410 4326 Decr.
426 4275 505 4341 Greg.
522 4275 568 4325 lib.
582 4276 613 4337 V,
633 4276 891 4342 tit.XXllV111,cap.
906 4279 926 4327 1:
946 4279 1090 4344 Manifesta
1099 4285 1211 4342 peccata

218 4377 271 4413 ιιοιι
288 4369 352 4413 sunt
370 4363 474 4414 occulta
492 4364 660 4414 correctione
675 4365 831 4430 purganda.
884 4368 887 4373 '
