3046 4920
114 1448 195 1495 Christ
209 1449 254 1493 irad

106 1501 258 1547 consecrated

91 1552 277 1662 *intulit-²

146 1658 224 1716 body'.

635 440 806 497 tonnttttts
825 442 964 495 wttcttr
1165 426 1249 511 [cao.
1263 438 1295 485 v.

301 600 381 662 dum
407 598 501 665 dicit:
534 602 650 667 Patres
675 602 776 667 nestri
806 600 1088 667 manducaverunt
1118 620 1244 665 munna
1266 612 1297 667 et

301 704 421 769 mortni
440 715 535 791 stent,·
553 706 611 793 qai
630 706 807 772 manducet
818 706 906 772 bunc
914 726 1038 793 panem
1055 724 1121 771 non
1136 704 1297 771 morietur

301 808 334 872 in
377 820 535 877 eternum.
583 810 677 879 Unde
713 812 916 895 Augustinus
956 811 1041 876 libro
1083 810 1294 893 Sermonum,

300 912 456 980 Sermone
476 914 580 999 vnn,
611 928 705 981 notet
735 916 904 1001 quomodo
935 928 1042 1001 patrea
1070 914 1150 1001 legia
1177 912 1295 979 veteris

301 1017 435 1085 eandem
457 1038 565 1085 neam
579 1018 783 1105 spiritualem
799 1017 1094 1099 manducaverunt,
1113 1018 1198 1085 sicut
1216 1016 1319 1085 dicits

302 1123 482 1209 Apostolus
503 1122 529 1191 l.
552 1122 630 1189 Cor.
652 1124 711 1206 X0,
736 1124 766 1209 3,
789 1122 865 1207 quia
890 1138 998 1209 patrea
1026 1123 1072 1188 illi
1098 1124 1210 1189 fideles
1236 1142 1296 1211 per

302 1246 420 1293 menna
443 1226 615 1293 Christum
636 1226 861 1291 intellexerunt
882 1246 981 1312 quem
1004 1226 1177 1293 uobiscum
1199 1226 1295 1314 apiti-

301 1330 430 1395 tusliter
450 1330 673 1395 comederunt.

344 1432 488 1499 Ulterius
514 1448 675 1521 quantum
696 1435 736 1498 ad
764 1433 861 1498 verbe
887 1434 1141 1517 sacramentalia,
1169 1434 1296 1501 videtur

301 1537 469 1623 probabile
484 1536 623 1603 domino
639 1536 845 1603 Armschano
866 1538 951 1603 libro
974 1558 1064 1603 nono
1086 1538 1231 1623 capitulo
1249 1540 1295 1603 50⁰
1307 1566 1339 1605 so

303 1644 351 1706 De
374 1641 609 1721 Questionibua
625 1648 855 1727 Armenorum,
878 1644 968 1731 quod
984 1642 1134 1709 Christus
1158 1640 1296 1709 confecit

303 1747 365 1812 boc
388 1760 629 1811 sacramentum
651 1766 730 1834 pura
752 1746 931 1831 voluntate,
955 1760 1136 1834 antequem
1157 1746 1295 1833 protulit

301 1850 354 1915 ille
392 1850 498 1933 verba,
535 1850 612 1938 qula
649 1866 685 1917 ut
722 1865 852 1916 narrant
890 1850 1059 1916 Matbseus
1099 1864 1132 1916 et
1168 1852 1295 1917 Marcus

300 1954 398 2020 destas
427 1954 553 2039 accepit
578 1974 712 2041 panem,
742 1954 905 2021 benedixit
935 1966 967 2020 et
993 1955 1108 2043 fregit
1145 1954 1295 2041 deditque

301 2060 468 2145 discipulis
488 2060 560 2125 stris
575 2070 606 2125 et
620 2060 667 2125 nit
687 2060 772 2125 illis:
789 2059 930 2146 Accipite
951 2069 983 2125 et
1004 2059 1210 2139 manducate,
1233 2060 1336 2125 ltoc15

301 2174 349 2229 est
370 2183 491 2250 corpus
513 2180 634 2249 menm;
666 2162 721 2227 ubi
747 2178 857 2230 notata
883 2164 965 2230 serie
992 2165 1181 2247 verborum,
1216 2184 1294 2229 cum

302 2268 504 2334 uniformiter
529 2268 761 2334 demonstravit
787 2288 904 2355 panem
935 2290 1035 2355 quem
1065 2284 1294 2336 consecretum

306 2373 450 2459 precepit
473 2374 519 2437 eis
541 2374 711 2438 comedere
734 2388 888 2460 erantque
910 2387 984 2440 ante
1006 2374 1068 2439 iste
1083 2375 1181 2439 verba
1195 2372 1293 2439 bene·

301 2479 417 2561 diecto,
441 2478 558 2543 smccio
581 2493 612 2544 et
626 2478 842 2544 manducandi
858 2478 1037 2566 precepcio,
1060 2480 1188 2545 videtur
1201 2479 1293 2566 quod

300 2599 367 2647 erat
398 2599 474 2649 ente
505 2585 566 2650 ista
598 2584 692 2647 verba
723 2585 784 2649 boc
813 2595 861 2649 est
891 2605 1012 2669 corpus
1050 2604 1158 2649 meum
1198 2584 1337 2669 patrisso

301 2689 512 2769 consecracio,
555 2687 682 2752 videtur
717 2688 861 2753 secundo
899 2688 959 2754 sibi
998 2688 1165 2774 probabile
1202 2688 1291 2753 iuxta

301 2793 398 2857 fidem
424 2793 580 2877 scripture
608 2794 698 2877 quod
726 2794 820 2857 verbu
848 2793 1082 2858 consecratoria
1109 2793 1293 2878 intelligunt

300 2900 339 2961 de
360 2918 441 2977 pane
457 2912 488 2962 et
504 2897 593 2979 vino,
615 2919 691 2962 cum
710 2919 824 2963 omnes
844 2898 976 2982 predicti
993 2913 1133 2983 quatuor
1153 2898 1291 2983 apostoli

301 3016 414 3067 notant
451 3003 540 3086 quod
571 3002 661 3066 Jesus
702 3003 824 3087 accepit
860 3023 978 3087 panem
1023 3003 1220 3066 materialem
1258 3002 1291 3065 in

301 3128 416 3171 manus
439 3127 525 3190 suas,
549 3127 648 3192 quem
671 3106 775 3191 fregit,
798 3107 985 3171 manducari
1008 3107 1151 3191 precepit
1171 3122 1202 3171 et
1223 3117 1334 3170 essens

301 3234 418 3296 corpus
441 3231 536 3276 suum
561 3211 710 3293 asseruit;
733 3227 765 3277 et
788 3213 872 3275 idem
896 3212 1054 3277 iudicium
1077 3226 1124 3275 est
1140 3214 1180 3275 de
1201 3213 1290 3276 vino.

301 3318 389 3395 Quid
413 3318 499 3380 enim
524 3317 649 3401 planius
672 3338 769 3401 quam
794 3332 899 3380 textus
922 3318 1020 3380 Murci
1043 3317 1146 3398 xlv0,
1169 3319 1220 3398 23,
1238 3337 1288 3396 24,

302 3422 354 3485 ubi
380 3421 509 3485 dicitur:
543 3423 677 3504 Accepto
707 3423 806 3486 calice
830 3424 966 3507 gracias
992 3442 1097 3506 agens
1125 3422 1214 3486 dedit
1244 3422 1289 3486 cis

300 3537 332 3590 ct
353 3527 503 3590 biberunt
525 3547 567 3590 ex
589 3546 626 3590 eo
648 3546 758 3592 omnes
781 3539 809 3590 et
831 3529 877 3590 ait
900 3527 980 3591 illis:
1002 3527 1072 3590 Hic
1086 3539 1134 3591 est
1148 3529 1288 3612 sangnis

302 3653 405 3711 trient,
438 3632 492 3695 ubi
525 3646 613 3715 patet
641 3634 728 3716 quod
761 3648 855 3697 vocat
886 3633 998 3696 vinum
1031 3647 1223 3696 contentum
1257 3633 1334 3694 into

352 3875 374 3916 s.
390 3872 421 3917 C:
440 3872 697 3916 cornntaudncnturunt.
783 3885 815 3917 to.
829 3872 862 3918 ll:
880 3872 1062 3926 drdtrtncltnn05
1080 3873 1111 3917 li:
1129 3872 1289 3918 drdntncnno.

301 3955 327 3986 tt.
342 3941 417 3986 Asstt:
437 3940 609 3986 drintcnornm.
682 3954 711 3996 ¹7·
726 3941 758 3986 li:
777 3955 844 3999 qttctn
858 3942 930 3986 deest.
998 3943 1029 3987 18.
1044 3948 1114 3995 (ωε,-
1134 3943 1163 3987 B:
1184 3942 1288 3986 Domini.

301 4015 387 4056 ιδ’-πο.
403 4011 433 4056 C:
454 4011 589 4056 benedt'cct'o
603 4035 629 4045 -
643 4012 713 4055 neren
728 4012 751 4055 in
767 4024 840 4068 marg.
855 4013 899 4056 ulia
914 4025 993 4057 manu.
1079 4026 1112 4069 ¹⁸)-
1127 4013 1159 4057 C:
1179 4017 1203 4056 ct
1215 4013 1288 4056 deest.

301 4080 334 4126 23.
348 4094 413 4132 curn,-
428 4081 460 4125 lt:
474 4085 573 4126 tanturn.
628 4093 662 4136 27·
677 4080 710 4127 C:
729 4087 806 4126 textus
820 4081 843 4127 itt
859 4095 932 4138 marg.
947 4083 992 4126 aliu
1007 4095 1087 4127 manu.
1141 4094 1178 4140 ²9·
1193 4082 1224 4127 E:
1246 4083 1287 4126 ct's.

352 4243 378 4290 4.
408 4227 516 4276 Rectius
546 4240 669 4276 sermone
697 4226 737 4276 Dc
768 4227 877 4277 utilitate
907 4228 1008 4292 agendu-
1039 4227 1187 4292 penitencie
1217 4225 1288 4292 Opp.

301 4326 366 4362 tom.
384 4314 417 4373 V,
442 4328 465 4369 t,
488 4312 562 4375 1364.
654 4329 692 4362 tt.
719 4313 884 4375 Armechani,
907 4316 1016 4364 Summa
1035 4315 1062 4363 in
1081 4312 1288 4374 Quaestionibus

300 4405 486 4464 Armeniorum,
506 4402 548 4451 ed.
568 4401 640 4452 Paris
657 4399 729 4453 1511.
803 4403 841 4454 13.
861 4400 951 4454 Matth.
968 4401 1061 4464 XXVI,
1083 4399 1125 4452 26.
