3046 4920
169 99 355 196 Sequitur
378 96 532 193 questio
556 94 607 169 sd
630 42 772 169 iratres
795 93 844 169 de
867 96 1114 169 sacramento

572 252 715 327 silaus.

185 469 275 548 Quid
307 469 340 532 in
368 484 481 533 natura
510 487 568 531 sua
598 481 645 531 est
674 467 736 531 hoc
764 467 875 530 album
903 481 935 530 et
960 467 1134 530 rotundum
1168 491 1327 537 winusus

141 577 230 660 quod
255 588 499 639 consecraturi
523 574 688 637 sacerdote
712 587 743 636 et
767 573 856 657 quod
878 571 1024 635 videmus
1040 574 1135 635 oculo
1167 545 1330 651 hiiffrffiinri

290 680 297 694 .
322 678 330 693 .
458 679 464 691 .
702 677 710 691 .
1017 676 1023 690 .
1145 649 1294 692 consecrated
1305 650 1350 694 snd

117 680 298 764 §corporali
322 700 355 742 ln
380 681 528 742 manibus
555 679 728 741 sacerdotis
751 690 824 761 post
847 695 1135 758 consecraclonm
1171 701 1219 744 thst
1235 713 1269 745 we
1283 713 1321 746 see

140 784 229 868 quod
246 783 412 868 frangitur,
428 784 517 868 quod
542 783 657 846 teritur
680 782 841 863 dentibus,
864 795 896 845 et
914 781 1070 864 numquid
1086 796 1133 845 est
1157 754 1336 850 consiiiihon?

139 908 257 972 corpus
273 887 404 969 Christi,
428 904 459 952 et
483 887 642 971 numquid
667 902 714 951 est
739 899 976 950 sacramentum
993 886 1136 971 corporis
1166 892 1334 1001 lbsdltyffihrripfes

139 992 268 1058 Christi.
284 994 361 1057 Post
375 992 635 1076 publicucionem
645 991 718 1056 fidei
729 991 885 1074 scripture
901 1012 938 1055 ex
947 991 1133 1056 testimonio
1164 998 1336 1106 sqqungtyj’f

139 1097 281 1162 veritatis
314 1113 346 1162 et
377 1097 426 1166 sui
449 1096 600 1180 Apostoli
632 1096 750 1161 dicitur
781 1098 870 1180 quod
902 1111 1132 1160 sacramentum

99 1202 309 1270 roeucaristie
337 1217 384 1266 est
411 1221 506 1267 verus
531 1200 623 1285 panis
646 1202 678 1264 in
703 1216 817 1266 natura
840 1222 898 1265 sua
920 1216 952 1266 et
974 1221 1049 1265 cum
1071 1202 1135 1265 hoc

138 1307 225 1371 idem
240 1307 332 1390 penis
348 1323 396 1372 est
412 1308 530 1370 virtute
545 1307 1007 1371 verborumsucramentulium
1018 1328 1134 1391 corpus

137 1412 270 1494 Christi,
302 1412 386 1476 sicut
419 1427 467 1476 est
500 1411 598 1476 simul
623 1413 709 1474 Deus
738 1426 770 1475 et
798 1411 910 1478 homo.
942 1412 982 1476 Et
1009 1413 1133 1477 solucio

136 1516 338 1600 argutiarum
369 1515 402 1579 in
436 1516 496 1579 hac
523 1531 614 1599 purte
641 1504 689 1579 est
717 1515 794 1579 satis
821 1515 932 1582 facilis.
966 1519 1032 1582 Nec
1060 1532 1134 1582 sunt

136 1620 283 1684 obiectus
299 1620 472 1685 trutannici
489 1620 631 1704 oppositi
647 1621 736 1704 digni
754 1622 921 1688 memoria.
945 1622 1008 1685 Alii
1024 1637 1132 1687 sutem

95 1723 280 1796 ,siulideles
318 1724 404 1788 taciti
441 1726 555 1789 dicunt
592 1727 681 1816 quod
719 1726 772 1789 illu
810 1725 914 1790 hostia
951 1742 1133 1791 consecrata

135 1844 184 1893 est
220 1829 348 1913 siguum
387 1829 549 1894 sensibile.
588 1830 651 1894 Sed
689 1843 796 1895 tacent
826 1829 995 1895 infideliter
1024 1845 1132 1896 utrum

135 1933 176 1996 sit
208 1952 327 2017 corpus
356 1932 477 1998 Christi
505 1925 556 1999 uel
584 1935 617 1996 in
643 1947 754 1998 nature
781 1954 840 1998 sua
864 1936 968 2018 punis,
997 1950 1032 2000 ut
1056 1936 1132 1999 dicit

135 2039 313 2121 Apostolus
329 2052 361 2102 et
377 2039 476 2102 suncti
500 2039 706 2103 concorditer
721 2058 893 2123 quousque
915 2039 1062 2104 diabolus
1085 2057 1132 2105 est

135 2143 271 2207 solutus.
1309 2187 1315 2195 ·

91 2280 125 2318 ιο
179 2248 317 2327 Questio
347 2248 512 2312 eiusdem:
555 2248 640 2332 Sepe
674 2248 813 2332 quesivit
847 2248 931 2313 idem
968 2249 1130 2315 lohannes
1153 2257 1213 2354 ‚12¹3
1226 2257 1335 2366 pppgpn

134 2369 165 2418 et
199 2353 304 2417 adhuc
336 2352 482 2436 queritur
514 2374 532 2414 a
566 2352 717 2417 fratribus
750 2367 860 2416 utrum
889 2353 947 2416 ista
975 2355 1130 2419 sensibilis
1141 2362 1344 2459 '¹:33‘{{3.²;}{3›

133 2458 239 2523 hostia
267 2471 449 2521 consecrata
477 2457 520 2522 sit
547 2457 580 2520 in
610 2472 725 2521 natura
752 2478 811 2522 sus
840 2458 931 2543 panis
953 2460 1003 2522 vel
1027 2479 1128 2525 unum
1159 2467 1327 2512 utullus·

132 2563 224 2647 peius
247 2583 345 2647 quam
369 2562 462 2646 panis
486 2561 625 2647 equinus
649 2565 698 2628 vel
722 2583 894 2645 venenum,
917 2565 998 2628 sicut
1021 2567 1129 2629 iratres

132 2668 265 2752 quidam
288 2667 440 2731 dixerunt
457 2650 597 2747 Oxohie,
621 2682 653 2732 et
677 2682 786 2732 utrum
810 2666 851 2731 sit
874 2688 992 2752 corpus
1006 2668 1124 2733 Christi

89 2788 121 2842 25
132 2772 182 2835 vel
201 2791 324 2835 unums
339 2771 384 2834 ibi
400 2770 548 2834 accidens
565 2771 760 2856 ignoratum,
778 2772 854 2856 quia
870 2771 955 2837 idem
971 2773 1131 2838 Iohannes

131 2891 179 2940 est
206 2890 312 2940 certus
340 2897 378 2941 ex
405 2875 467 2940 lide
495 2878 585 2961 quod
609 2877 662 2940 ille
684 2878 778 2960 punis
800 2893 847 2943 est
869 2878 992 2942 realiter
1013 2898 1129 2965 corpus
