3046 4920
148 492 219 539 ene.
232 475 299 566 vn]
492 496 538 546 nc
557 491 803 545 cucusntsns.

149 665 405 728 sacramentnm,
421 650 553 733 quando
569 651 617 712 sic
640 656 843 731 representat
859 646 978 708 Christi
999 665 1142 720 earnem,

149 758 268 822 dicitnr
289 777 408 839 corpus
433 754 551 816 Christi
572 752 629 816 sed
650 752 828 836 inproprie,
852 752 970 815 scilicet
993 750 1140 835 signandi

149 862 304 928 misterio.
326 861 387 939 Sic,
403 859 509 942 inquit
526 857 738 942 Augustinus,
755 858 828 940 ipso
844 859 955 920 cornis
970 855 1174 920 inmolocio'‘

148 989 211 1052 qne
233 967 281 1052 fit
311 964 463 1028 manibus
496 963 676 1027 sacerdotis
708 973 845 1026 vocatur
875 963 992 1026 Christi
1017 957 1141 1045 passio,

125 1083 239 1135 smors
270 1080 302 1135 et
334 1070 515 1154 crucfixio,
553 1088 617 1132 non
654 1071 702 1132 rei
732 1069 867 1133 veritate
897 1067 953 1132 scd
985 1066 1141 1152 signandi

150 1176 304 1258 misterio,
330 1176 414 1238 sient
440 1184 682 1238 sacramentnm
700 1173 786 1257 fidei
812 1173 963 1255 baptismi
984 1183 1032 1237 est
1041 1171 1140 1257 fides.

194 1281 230 1344 ln
253 1280 317 1343 isto
340 1294 371 1342 et
395 1279 464 1341 aliis
488 1280 547 1342 sibi
572 1278 732 1341 similibus
748 1279 866 1341 vellem
889 1279 1013 1341 emulos
1029 1291 1140 1340 notare
1170 1283 1341 1342 Absurdltyol

149 1384 393 1448 distinccionem
426 1382 655 1466 predicacionis
684 1383 821 1466 duplicis
848 1396 880 1446 et
907 1401 1036 1444 sensum
1065 1400 1140 1464 pro·
1168 1335 1350 1433 llhl'i'i'sl'lii·

151 1488 325 1575 posicionis
349 1487 600 1568 sacramentalis,
628 1502 660 1551 et
687 1502 766 1551 tunc
796 1508 861 1551 non
886 1487 1078 1550 mirarentur
1101 1487 1140 1547 de
1170 1440 1341 1551 &seligunt-

110 1611 336 1658 sosanctorum
358 1594 529 1657 doctorum
553 1593 687 1656 decretis
704 1613 778 1656 cum
795 1592 927 1655 ecclesie
942 1592 1066 1674 legibus
1083 1610 1142 1653 nec

149 1702 189 1762 de
206 1699 299 1762 nobis
317 1699 404 1783 ipsos
421 1714 498 1762 tunc
514 1699 760 1782 exponentibus.
786 1698 869 1775 Quis
888 1694 996 1783 (rogo)
1017 1696 1143 1759 dubitat

149 1803 229 1887 quin
252 1804 357 1886 glossa
383 1804 442 1867 ista
465 1804 507 1867 sit
530 1804 647 1888 duplex
671 1822 708 1866 ex
733 1802 902 1865 mendacio
924 1804 1138 1882 glossatorum

149 1921 279 1992 sumpta
310 1927 374 1990 que
407 1908 502 1970 datur
534 1908 663 1971 decreto
686 1906 833 1971 Nicholai
858 1902 894 1971 lli
927 1906 1001 1992 Ego
1028 1906 1142 1968 Berin·

147 2012 275 2095 gorius,
300 2031 376 2074 cum
400 2026 504 2075 textus
528 2011 573 2075 sic
597 2012 756 2096 loquitur:
787 2011 945 2096 Profiteor
966 2031 1087 2094 ponem
1112 2027 1143 2072 et

107 2119 259 2180 s5vinnm
286 2137 349 2200 qne
376 2117 409 2178 in
438 2116 539 2180 altori
559 2127 731 2200 ponuntur
753 2127 831 2199 post
860 2117 1141 2179 consecracionem

149 2241 214 2284 non
237 2222 344 2285 solnm
367 2233 611 2285 sacramentnm
639 2221 698 2284 sed
725 2241 839 2285 verunt
868 2240 988 2304 corpus
1020 2221 1143 2285 Christi

147 2337 179 2389 et
200 2327 399 2411 sangninem
425 2327 548 2390 domini
571 2327 674 2390 nostri
694 2326 773 2390 Jesn
794 2326 916 2390 Christi
936 2345 1014 2390 esse.
1039 2327 1142 2408 Super

147 2451 214 2513 quo
237 2445 326 2495 textu
351 2433 405 2494 dat
426 2432 533 2515 glossa
551 2452 609 2514 pro
634 2432 743 2513 regula
768 2444 804 2494 ut
826 2431 936 2493 omnia
960 2430 1076 2493 referas
1101 2432 1140 2491 ad

146 2536 271 2618 species
295 2535 393 2620 ipsas,
419 2535 463 2599 ita
479 2537 569 2619 quod
592 2535 652 2598 iste
677 2536 719 2598 sit
742 2550 871 2599 sensus:
895 2534 1051 2618 profiteor
1075 2555 1139 2596 non

104 2659 268 2723 sopsnem
300 2656 331 2704 et
360 2641 471 2704 vinum
506 2641 562 2703 sed
592 2641 715 2723 species
737 2643 840 2722 ponis
867 2650 897 2704 et
925 2641 990 2703 nini
1020 2660 1077 2723 per
1108 2660 1141 2700 se

147 2746 268 2827 positos
302 2765 367 2808 non
401 2747 506 2808 solum
539 2764 610 2808 esse
647 2755 893 2807 sacromentum
931 2764 988 2808 nec
1025 2764 1141 2826 corpus

147 2849 279 2928 Christi,
304 2850 358 2912 sed
380 2850 441 2915 suh
465 2850 531 2913 illis
553 2851 715 2913 contineri
736 2869 857 2934 corpus
883 2850 1008 2914 Christi.
1031 2850 1073 2913 Et
1096 2850 1140 2912 sie

147 2954 310 3017 confessio
345 2956 518 3038 Beringcrii
553 2972 600 3018 est
633 2956 831 3038 inpossibilis
863 2970 895 3018 et
929 2955 1067 3018 heretica
1100 2955 1139 3018 de

146 3061 264 3124 virtute
288 3062 457 3140 sermonis,
481 3062 536 3123 sed
560 3062 655 3123 debet
672 3060 807 3143 glossari
826 3080 883 3143 per
898 3081 996 3123 suum
1011 3075 1137 3123 contra·

103 3164 329 3247 25dictotium,
352 3186 427 3228 cum
453 3166 631 3229 hereticum
658 3167 699 3228 sit
729 3167 816 3250 quod
846 3167 938 3249 panis
969 3180 1000 3228 et
1028 3165 1140 3228 vinum

145 3274 332 3333 remaneant
344 3286 418 3353 post
434 3271 714 3333 consecracionem
731 3286 980 3351 sacramentum,
993 3272 1047 3333 sed
1064 3285 1139 3334 sunt

146 3393 194 3437 res
210 3375 313 3437 aliene
338 3389 462 3455 nature,
487 3397 552 3438 non
578 3376 669 3458 panis
693 3391 724 3437 et
746 3377 858 3438 vinum
882 3377 936 3437 sed
961 3376 1139 3438 accidentia

143 3499 207 3562 que
231 3500 296 3542 non
321 3496 458 3563 possunt
482 3502 551 3543 esse
576 3500 692 3563 corpus
716 3480 848 3562 Christi,
872 3483 927 3543 sed
951 3482 982 3543 in
1007 3480 1068 3542 illis
1091 3496 1139 3542 est

144 3603 262 3666 corpus
286 3584 415 3650 Christi.

197 3837 212 3869 ι.
228 3824 323 3868 ABDE:
343 3826 398 3882 quin
416 3827 457 3869 sic.
478 3826 581 3869 Rectius:
601 3828 678 3881 qnod,·
696 3827 726 3870 ci.
747 3829 807 3871 intra
826 3831 928 3883 glossam
944 3831 995 3873 ord.
1011 3832 1039 3874 ad
1055 3842 1135 3874 vocem

144 3894 250 3939 Celestis.
340 3907 359 3939 2.
379 3895 452 3940 ABE:
473 3895 608 3953 signando,·
627 3897 658 3940 C:
678 3898 787 3941 correxit.
875 3898 895 3942 3.
915 3899 987 3943 llllhl:
1007 3901 1138 3950 involutio,-

143 3964 175 4008 C:
195 3966 304 4009 correxit.
383 3981 406 4019 4.
423 3966 454 4010 C:
471 3968 580 4021 propriis
598 3968 709 4010 montius.
793 3981 818 4012 n.
840 3969 872 4011 u:
892 3982 947 4012 nere
965 3972 1136 4025 exponentibus.

143 4033 172 4078 13.
188 4034 285 4079 ABCD:
293 4033 354 4089 ficto
368 4048 419 4092 qne.
468 4037 495 4080 15.
511 4036 543 4079 E:
554 4042 609 4091 post
618 4039 820 4081 consecracionem
831 4040 902 4082 deest.
949 4040 979 4083 ιδ’.
996 4040 1026 4083 E:
1041 4041 1135 4095 reseris,

142 4116 175 4147 22.
192 4105 225 4148 D:
240 4105 370 4149 simulsed.
424 4105 458 4155 23,
474 4118 509 4160 24.
526 4106 558 4149 lJ:
579 4107 609 4150 de
623 4108 699 4150 verns
712 4109 761 4150 sed.
817 4109 1135 4162 2.1,25.l):suomcontra-

142 4174 278 4219 dt'ccionern.
333 4175 369 4219 26.
384 4176 416 4219 D:
435 4178 585 4219 sacramenti.

196 4355 219 4406 3.
239 4354 340 4405 liceret.
360 4366 493 4420 utsupra.
622 4371 660 4420 ¹7·
680 4357 719 4405 Ct'.
741 4358 864 4407 Glossam
885 4360 969 4408 ordin.
989 4361 1020 4409 ad
1040 4377 1133 4410 vocem

144 4442 242 4493 Panem
263 4453 288 4492 et
309 4444 407 4493 Christi
425 4459 489 4495 esse.
