<?xml version="1.0" encoding="UTF-8"?>
<!DOCTYPE html PUBLIC "-//W3C//DTD XHTML 1.0 Transitional//EN"
    "http://www.w3.org/TR/xhtml1/DTD/xhtml1-transitional.dtd">
<html xmlns="http://www.w3.org/1999/xhtml" xml:lang="en" lang="en">
 <head>
  <title>
</title>
<meta http-equiv="Content-Type" content="text/html;charset=utf-8" />
  <meta name='ocr-system' content='tesseract 3.04.00' />
  <meta name='ocr-capabilities' content='ocr_page ocr_carea ocr_par ocr_line ocrx_word'/>
</head>
<body>
  <div class='ocr_page' id='page_1' title='image "./iohanniswyclifd01losegoog/iohanniswyclifd01losegoog_0063.png"; bbox 0 0 3046 4920; ppageno 0'>
   <div class='ocr_carea' id='block_1_1' title="bbox 105 406 894 459">
    <p class='ocr_par' dir='ltr' id='par_1_1' title="bbox 105 406 894 459">
     <span class='ocr_line' id='line_1_1' title="bbox 105 406 894 459; baseline 0.008 -6"><span class='ocrx_word' id='word_1_1' title='bbox 105 407 160 455; x_wconf 74' lang='lat' dir='ltr'>nvi</span> <span class='ocrx_word' id='word_1_2' title='bbox 618 406 894 459; x_wconf 80' lang='lat' dir='ltr'>INTRODUCTION.</span> 
     </span>
    </p>
   </div>
   <div class='ocr_carea' id='block_1_2' title="bbox 105 580 1415 4125">
    <p class='ocr_par' dir='ltr' id='par_1_2' title="bbox 105 580 1409 1081">
     <span class='ocr_line' id='line_1_2' title="bbox 106 580 1409 668; baseline 0.003 -27"><span class='ocrx_word' id='word_1_3' title='bbox 106 600 217 642; x_wconf 88' lang='lat' dir='ltr'>verum</span> <span class='ocrx_word' id='word_1_4' title='bbox 243 580 363 658; x_wconf 79' lang='lat' dir='ltr'>signati</span> <span class='ocrx_word' id='word_1_5' title='bbox 387 601 488 665; x_wconf 90' lang='lat' dir='ltr'>quam</span> <span class='ocrx_word' id='word_1_6' title='bbox 511 582 561 645; x_wconf 89' lang='lat' dir='ltr'>usi</span> <span class='ocrx_word' id='word_1_7' title='bbox 585 598 661 647; x_wconf 90' lang='lat' dir='ltr'>sunt</span> <span class='ocrx_word' id='word_1_8' title='bbox 683 583 734 647; x_wconf 93' lang='lat' dir='ltr'>isti</span> <span class='ocrx_word' id='word_1_9' title='bbox 758 584 879 668; x_wconf 80' lang='lat' dir='ltr'>antiqui</span> <span class='ocrx_word' id='word_1_10' title='bbox 903 598 935 647; x_wconf 94' lang='lat' dir='ltr'>et</span> <span class='ocrx_word' id='word_1_11' title='bbox 949 584 1006 647; x_wconf 89' lang='lat' dir='ltr'>viri</span> <span class='ocrx_word' id='word_1_12' title='bbox 1027 583 1103 646; x_wconf 87' lang='lat' dir='ltr'>satis</span> <span class='ocrx_word' id='word_1_13' title='bbox 1119 582 1298 649; x_wconf 88' lang='lat' dir='ltr'>illuminati.</span> <span class='ocrx_word' id='word_1_14' title='bbox 1323 584 1409 647; x_wconf 87' lang='lat' dir='ltr'>Hinc</span> 
     </span>
     <span class='ocr_line' id='line_1_3' title="bbox 112 685 1408 771; baseline 0.005 -26"><span class='ocrx_word' id='word_1_15' title='bbox 112 685 237 747; x_wconf 73' lang='lat' dir='ltr'>Doctus·</span> <span class='ocrx_word' id='word_1_16' title='bbox 260 686 482 771; x_wconf 83' lang='lat' dir='ltr'>Evangelictrs</span> <span class='ocrx_word' id='word_1_17' title='bbox 505 687 537 750; x_wconf 93' lang='lat' dir='ltr'>in</span> <span class='ocrx_word' id='word_1_18' title='bbox 562 688 673 753; x_wconf 89' lang='lat' dir='ltr'>multis</span> <span class='ocrx_word' id='word_1_19' title='bbox 695 690 774 752; x_wconf 89' lang='lat' dir='ltr'>locis</span> <span class='ocrx_word' id='word_1_20' title='bbox 796 709 931 753; x_wconf 87' lang='lat' dir='ltr'>suorum</span> <span class='ocrx_word' id='word_1_21' title='bbox 954 688 1109 753; x_wconf 89' lang='lat' dir='ltr'>librorum</span> <span class='ocrx_word' id='word_1_22' title='bbox 1138 688 1275 751; x_wconf 81' lang='lat' dir='ltr'><strong>inculcat</strong></span> <span class='ocrx_word' id='word_1_23' title='bbox 1307 689 1408 752; x_wconf 89' lang='lat' dir='ltr'>istum</span> 
     </span>
     <span class='ocr_line' id='line_1_4' title="bbox 105 790 1409 875; baseline 0.002 -24"><span class='ocrx_word' id='word_1_24' title='bbox 105 791 302 853; x_wconf 81' lang='lat' dir='ltr'>sentenciam</span> <span class='ocrx_word' id='word_1_25' title='bbox 327 806 360 855; x_wconf 92' lang='lat' dir='ltr'>et</span> <span class='ocrx_word' id='word_1_26' title='bbox 375 791 469 875; x_wconf 90' lang='lat' dir='ltr'>quasi</span> <span class='ocrx_word' id='word_1_27' title='bbox 485 794 680 856; x_wconf 90' lang='lat' dir='ltr'>concludens</span> <span class='ocrx_word' id='word_1_28' title='bbox 697 814 769 855; x_wconf 90' lang='lat' dir='ltr'>eam</span> <span class='ocrx_word' id='word_1_29' title='bbox 784 794 816 855; x_wconf 94' lang='lat' dir='ltr'>in</span> <span class='ocrx_word' id='word_1_30' title='bbox 833 813 953 875; x_wconf 89' lang='lat' dir='ltr'>magno</span> <span class='ocrx_word' id='word_1_31' title='bbox 968 802 1112 857; x_wconf 83' lang='lat' dir='ltr'>tractatu</span> <span class='ocrx_word' id='word_1_32' title='bbox 1132 791 1183 855; x_wconf 88' lang='lat' dir='ltr'>Dc</span> <span class='ocrx_word' id='word_1_33' title='bbox 1197 790 1409 856; x_wconf 73' lang='lat' dir='ltr'>Eucharistiae</span> 
     </span>
     <span class='ocr_line' id='line_1_5' title="bbox 107 895 1409 979; baseline 0.004 -25"><span class='ocrx_word' id='word_1_34' title='bbox 107 915 174 975; x_wconf 88' lang='lat' dir='ltr'>cap.</span> <span class='ocrx_word' id='word_1_35' title='bbox 203 895 244 957; x_wconf 93' lang='lat' dir='ltr'>lV</span> <span class='ocrx_word' id='word_1_36' title='bbox 268 895 396 960; x_wconf 83' lang='lat' dir='ltr'>scribit:</span> <span class='ocrx_word' id='word_1_37' title='bbox 421 896 463 959; x_wconf 82' lang='lat' dir='ltr'>Et</span> <span class='ocrx_word' id='word_1_38' title='bbox 495 896 551 979; x_wconf 89' lang='lat' dir='ltr'>qui</span> <span class='ocrx_word' id='word_1_39' title='bbox 585 896 735 979; x_wconf 88' lang='lat' dir='ltr'>ignorant</span> <span class='ocrx_word' id='word_1_40' title='bbox 765 896 858 959; x_wconf 87' lang='lat' dir='ltr'>istam</span> <span class='ocrx_word' id='word_1_41' title='bbox 881 896 1136 978; x_wconf 74' lang='lat' dir='ltr'>predicacionem</span> <span class='ocrx_word' id='word_1_42' title='bbox 1168 895 1326 978; x_wconf 84' lang='lat' dir='ltr'>tropicam</span> <span class='ocrx_word' id='word_1_43' title='bbox 1357 900 1409 961; x_wconf 89' lang='lat' dir='ltr'>vei</span> 
     </span>
     <span class='ocr_line' id='line_1_6' title="bbox 106 998 1363 1081; baseline 0.004 -21"><span class='ocrx_word' id='word_1_44' title='bbox 106 998 310 1081; x_wconf 85' lang='lat' dir='ltr'>figurativam</span> <span class='ocrx_word' id='word_1_45' title='bbox 334 1001 456 1064; x_wconf 89' lang='lat' dir='ltr'>nedum</span> <span class='ocrx_word' id='word_1_46' title='bbox 481 1002 564 1063; x_wconf 87' lang='lat' dir='ltr'>male</span> <span class='ocrx_word' id='word_1_47' title='bbox 586 1001 770 1081; x_wconf 88' lang='lat' dir='ltr'>intelligunt</span> <span class='ocrx_word' id='word_1_48' title='bbox 792 1002 940 1063; x_wconf 90' lang='lat' dir='ltr'>doctores</span> <span class='ocrx_word' id='word_1_49' title='bbox 956 1016 989 1064; x_wconf 94' lang='lat' dir='ltr'>et</span> <span class='ocrx_word' id='word_1_50' title='bbox 1010 1002 1138 1065; x_wconf 89' lang='lat' dir='ltr'>decreta</span> <span class='ocrx_word' id='word_1_51' title='bbox 1160 999 1363 1065; x_wconf 88' lang='lat' dir='ltr'>ecclesie...</span> 
     </span>
    </p>

    <p class='ocr_par' dir='ltr' id='par_1_3' title="bbox 107 1104 1410 1397">
     <span class='ocr_line' id='line_1_7' title="bbox 210 1104 1410 1189; baseline 0 -22"><span class='ocrx_word' id='word_1_52' title='bbox 210 1104 361 1188; x_wconf 86' lang='lat' dir='ltr'>Wyclii’s</span> <span class='ocrx_word' id='word_1_53' title='bbox 383 1106 488 1169; x_wconf 78' lang='lat' dir='ltr'>‘work</span> <span class='ocrx_word' id='word_1_54' title='bbox 519 1125 563 1168; x_wconf 93' lang='lat' dir='ltr'>on</span> <span class='ocrx_word' id='word_1_55' title='bbox 586 1106 640 1167; x_wconf 91' lang='lat' dir='ltr'>the</span> <span class='ocrx_word' id='word_1_56' title='bbox 664 1104 844 1167; x_wconf 81' lang='lat' dir='ltr'>Eucharist&#39;</span> <span class='ocrx_word' id='word_1_57' title='bbox 879 1125 944 1166; x_wconf 85' lang='lat' dir='ltr'>was</span> <span class='ocrx_word' id='word_1_58' title='bbox 976 1104 1135 1189; x_wconf 86' lang='lat' dir='ltr'>evidently</span> <span class='ocrx_word' id='word_1_59' title='bbox 1158 1105 1212 1170; x_wconf 88' lang='lat' dir='ltr'>the</span> <span class='ocrx_word' id='word_1_60' title='bbox 1239 1106 1410 1169; x_wconf 83' lang='lat' dir='ltr'>text-book</span> 
     </span>
     <span class='ocr_line' id='line_1_8' title="bbox 107 1208 1410 1293; baseline 0.002 -23"><span class='ocrx_word' id='word_1_61' title='bbox 107 1208 143 1270; x_wconf 81' lang='lat' dir='ltr'>oi</span> <span class='ocrx_word' id='word_1_62' title='bbox 166 1211 220 1271; x_wconf 92' lang='lat' dir='ltr'>the</span> <span class='ocrx_word' id='word_1_63' title='bbox 243 1210 427 1287; x_wconf 88' lang='lat' dir='ltr'>Taborites,</span> <span class='ocrx_word' id='word_1_64' title='bbox 454 1208 537 1271; x_wconf 83' lang='lat' dir='ltr'>from</span> <span class='ocrx_word' id='word_1_65' title='bbox 562 1208 666 1271; x_wconf 86' lang='lat' dir='ltr'>which</span> <span class='ocrx_word' id='word_1_66' title='bbox 691 1211 767 1292; x_wconf 85' lang='lat' dir='ltr'>they</span> <span class='ocrx_word' id='word_1_67' title='bbox 794 1208 948 1290; x_wconf 79' lang='lat' dir='ltr'>provided</span> <span class='ocrx_word' id='word_1_68' title='bbox 981 1209 1172 1273; x_wconf 76' lang='lat' dir='ltr'>themselves</span> <span class='ocrx_word' id='word_1_69' title='bbox 1205 1210 1283 1272; x_wconf 91' lang='lat' dir='ltr'>with</span> <span class='ocrx_word' id='word_1_70' title='bbox 1312 1230 1410 1293; x_wconf 88' lang='lat' dir='ltr'>argu·</span> 
     </span>
     <span class='ocr_line' id='line_1_9' title="bbox 108 1312 943 1397; baseline 0.002 -23"><span class='ocrx_word' id='word_1_71' title='bbox 108 1328 213 1376; x_wconf 88' lang='lat' dir='ltr'>ments</span> <span class='ocrx_word' id='word_1_72' title='bbox 237 1314 269 1376; x_wconf 92' lang='lat' dir='ltr'>in</span> <span class='ocrx_word' id='word_1_73' title='bbox 293 1313 377 1377; x_wconf 91' lang='lat' dir='ltr'>their</span> <span class='ocrx_word' id='word_1_74' title='bbox 399 1314 543 1397; x_wconf 90' lang='lat' dir='ltr'>quarrels</span> <span class='ocrx_word' id='word_1_75' title='bbox 566 1314 666 1375; x_wconf 90' lang='lat' dir='ltr'>about</span> <span class='ocrx_word' id='word_1_76' title='bbox 694 1312 757 1376; x_wconf 92' lang='lat' dir='ltr'>this</span> <span class='ocrx_word' id='word_1_77' title='bbox 784 1312 943 1396; x_wconf 87' lang='lat' dir='ltr'>question.</span> 
     </span>
    </p>

    <p class='ocr_par' dir='ltr' id='par_1_4' title="bbox 108 1416 1412 2108">
     <span class='ocr_line' id='line_1_10' title="bbox 211 1416 1410 1481; baseline -0.001 -1"><span class='ocrx_word' id='word_1_78' title='bbox 211 1418 298 1481; x_wconf 88' lang='lat' dir='ltr'>That</span> <span class='ocrx_word' id='word_1_79' title='bbox 321 1418 384 1481; x_wconf 91' lang='lat' dir='ltr'>this</span> <span class='ocrx_word' id='word_1_80' title='bbox 410 1419 497 1480; x_wconf 89' lang='lat' dir='ltr'>book</span> <span class='ocrx_word' id='word_1_81' title='bbox 519 1438 586 1481; x_wconf 91' lang='lat' dir='ltr'>was</span> <span class='ocrx_word' id='word_1_82' title='bbox 609 1433 641 1480; x_wconf 90' lang='lat' dir='ltr'>at</span> <span class='ocrx_word' id='word_1_83' title='bbox 665 1417 718 1481; x_wconf 92' lang='lat' dir='ltr'>the</span> <span class='ocrx_word' id='word_1_84' title='bbox 741 1417 818 1480; x_wconf 89' lang='lat' dir='ltr'>time</span> <span class='ocrx_word' id='word_1_85' title='bbox 840 1432 927 1481; x_wconf 88' lang='lat' dir='ltr'>most</span> <span class='ocrx_word' id='word_1_86' title='bbox 949 1416 1077 1481; x_wconf 83' lang='lat' dir='ltr'>famous</span> <span class='ocrx_word' id='word_1_87' title='bbox 1098 1418 1130 1481; x_wconf 93' lang='lat' dir='ltr'>in</span> <span class='ocrx_word' id='word_1_88' title='bbox 1155 1417 1308 1481; x_wconf 88' lang='lat' dir='ltr'>Bohemia</span> <span class='ocrx_word' id='word_1_89' title='bbox 1330 1419 1410 1481; x_wconf 92' lang='lat' dir='ltr'>both</span> 
     </span>
     <span class='ocr_line' id='line_1_11' title="bbox 110 1522 1412 1606; baseline 0.001 -21"><span class='ocrx_word' id='word_1_90' title='bbox 110 1543 229 1605; x_wconf 85' lang='lat' dir='ltr'>among</span> <span class='ocrx_word' id='word_1_91' title='bbox 252 1523 346 1586; x_wconf 88' lang='lat' dir='ltr'>those</span> <span class='ocrx_word' id='word_1_92' title='bbox 370 1522 507 1606; x_wconf 79' lang='lat' dir='ltr'>friendly</span> <span class='ocrx_word' id='word_1_93' title='bbox 535 1523 598 1585; x_wconf 88' lang='lat' dir='ltr'>and</span> <span class='ocrx_word' id='word_1_94' title='bbox 631 1522 724 1585; x_wconf 93' lang='lat' dir='ltr'>those</span> <span class='ocrx_word' id='word_1_95' title='bbox 756 1522 870 1584; x_wconf 92' lang='lat' dir='ltr'>hostile</span> <span class='ocrx_word' id='word_1_96' title='bbox 903 1535 937 1584; x_wconf 93' lang='lat' dir='ltr'>to</span> <span class='ocrx_word' id='word_1_97' title='bbox 971 1522 1020 1585; x_wconf 91' lang='lat' dir='ltr'>his</span> <span class='ocrx_word' id='word_1_98' title='bbox 1051 1523 1221 1603; x_wconf 86' lang='lat' dir='ltr'>doctrines,</span> <span class='ocrx_word' id='word_1_99' title='bbox 1256 1522 1282 1585; x_wconf 91' lang='lat' dir='ltr'>is</span> <span class='ocrx_word' id='word_1_100' title='bbox 1315 1523 1412 1586; x_wconf 91' lang='lat' dir='ltr'>indu·</span> 
     </span>
     <span class='ocr_line' id='line_1_12' title="bbox 110 1625 1410 1711; baseline 0.004 -23"><span class='ocrx_word' id='word_1_101' title='bbox 110 1628 230 1710; x_wconf 88' lang='lat' dir='ltr'>bitably</span> <span class='ocrx_word' id='word_1_102' title='bbox 254 1628 380 1709; x_wconf 88' lang='lat' dir='ltr'>proved</span> <span class='ocrx_word' id='word_1_103' title='bbox 405 1628 447 1711; x_wconf 89' lang='lat' dir='ltr'>by</span> <span class='ocrx_word' id='word_1_104' title='bbox 470 1647 488 1690; x_wconf 90' lang='lat' dir='ltr'>a</span> <span class='ocrx_word' id='word_1_105' title='bbox 511 1628 602 1690; x_wconf 85' lang='lat' dir='ltr'>work</span> <span class='ocrx_word' id='word_1_106' title='bbox 625 1625 662 1689; x_wconf 87' lang='lat' dir='ltr'>oi</span> <span class='ocrx_word' id='word_1_107' title='bbox 680 1627 804 1691; x_wconf 87' lang='lat' dir='ltr'>Johann</span> <span class='ocrx_word' id='word_1_108' title='bbox 829 1626 1004 1707; x_wconf 84' lang='lat' dir='ltr'>Praibram,</span> <span class='ocrx_word' id='word_1_109' title='bbox 1027 1647 1045 1690; x_wconf 89' lang='lat' dir='ltr'>a</span> <span class='ocrx_word' id='word_1_110' title='bbox 1069 1628 1233 1690; x_wconf 88' lang='lat' dir='ltr'>moderate</span> <span class='ocrx_word' id='word_1_111' title='bbox 1264 1628 1410 1711; x_wconf 88' lang='lat' dir='ltr'>Hussite,</span> 
     </span>
     <span class='ocr_line' id='line_1_13' title="bbox 108 1730 1412 1816; baseline 0.002 -22"><span class='ocrx_word' id='word_1_112' title='bbox 108 1734 172 1794; x_wconf 87' lang='lat' dir='ltr'>and</span> <span class='ocrx_word' id='word_1_113' title='bbox 197 1731 275 1814; x_wconf 88' lang='lat' dir='ltr'>(like</span> <span class='ocrx_word' id='word_1_114' title='bbox 299 1746 386 1793; x_wconf 90' lang='lat' dir='ltr'>most</span> <span class='ocrx_word' id='word_1_115' title='bbox 418 1730 456 1794; x_wconf 85' lang='lat' dir='ltr'>of</span> <span class='ocrx_word' id='word_1_116' title='bbox 485 1732 589 1815; x_wconf 89' lang='lat' dir='ltr'>them)</span> <span class='ocrx_word' id='word_1_117' title='bbox 622 1751 661 1793; x_wconf 90' lang='lat' dir='ltr'>an</span> <span class='ocrx_word' id='word_1_118' title='bbox 696 1732 809 1794; x_wconf 85' lang='lat' dir='ltr'>ardent</span> <span class='ocrx_word' id='word_1_119' title='bbox 840 1745 1009 1814; x_wconf 88' lang='lat' dir='ltr'>opponent</span> <span class='ocrx_word' id='word_1_120' title='bbox 1040 1730 1077 1794; x_wconf 83' lang='lat' dir='ltr'>oi</span> <span class='ocrx_word' id='word_1_121' title='bbox 1111 1730 1244 1816; x_wconf 86' lang='lat' dir='ltr'>Wyclii,</span> <span class='ocrx_word' id='word_1_122' title='bbox 1276 1732 1412 1797; x_wconf 85' lang='lat' dir='ltr'>eutitlcd</span> 
     </span>
     <span class='ocr_line' id='line_1_14' title="bbox 110 1834 1411 1924; baseline 0.002 -25"><span class='ocrx_word' id='word_1_123' title='bbox 110 1837 272 1919; x_wconf 84' lang='lat' dir='ltr'>Professio</span> <span class='ocrx_word' id='word_1_124' title='bbox 283 1834 371 1919; x_wconf 83' lang='lat' dir='ltr'>fidei</span> <span class='ocrx_word' id='word_1_125' title='bbox 392 1837 537 1919; x_wconf 81' lang='lat' dir='ltr'>antique,</span> <span class='ocrx_word' id='word_1_126' title='bbox 561 1837 593 1898; x_wconf 94' lang='lat' dir='ltr'>in</span> <span class='ocrx_word' id='word_1_127' title='bbox 619 1836 724 1901; x_wconf 90' lang='lat' dir='ltr'>which</span> <span class='ocrx_word' id='word_1_128' title='bbox 747 1837 787 1899; x_wconf 93' lang='lat' dir='ltr'>he</span> <span class='ocrx_word' id='word_1_129' title='bbox 809 1856 948 1919; x_wconf 85' lang='lat' dir='ltr'>engages</span> <span class='ocrx_word' id='word_1_130' title='bbox 970 1837 1002 1899; x_wconf 94' lang='lat' dir='ltr'>in</span> <span class='ocrx_word' id='word_1_131' title='bbox 1027 1857 1044 1898; x_wconf 92' lang='lat' dir='ltr'>a</span> <span class='ocrx_word' id='word_1_132' title='bbox 1067 1850 1155 1919; x_wconf 89' lang='lat' dir='ltr'>great</span> <span class='ocrx_word' id='word_1_133' title='bbox 1182 1842 1411 1924; x_wconf 69' lang='lat' dir='ltr'>controversy-¹</span> 
     </span>
     <span class='ocr_line' id='line_1_15' title="bbox 110 1940 1412 2025; baseline 0.005 -24"><span class='ocrx_word' id='word_1_134' title='bbox 110 1942 186 2003; x_wconf 94' lang='lat' dir='ltr'>with</span> <span class='ocrx_word' id='word_1_135' title='bbox 211 1941 265 2003; x_wconf 89' lang='lat' dir='ltr'>the</span> <span class='ocrx_word' id='word_1_136' title='bbox 288 1940 472 2005; x_wconf 86' lang='lat' dir='ltr'>Taborites.</span> <span class='ocrx_word' id='word_1_137' title='bbox 497 1940 639 2025; x_wconf 91' lang='lat' dir='ltr'>Writing</span> <span class='ocrx_word' id='word_1_138' title='bbox 663 1942 693 2003; x_wconf 92' lang='lat' dir='ltr'>in</span> <span class='ocrx_word' id='word_1_139' title='bbox 718 1940 847 2004; x_wconf 85' lang='lat' dir='ltr'>deience</span> <span class='ocrx_word' id='word_1_140' title='bbox 871 1940 908 2004; x_wconf 87' lang='lat' dir='ltr'>ol</span> <span class='ocrx_word' id='word_1_141' title='bbox 928 1942 981 2005; x_wconf 95' lang='lat' dir='ltr'>the</span> <span class='ocrx_word' id='word_1_142' title='bbox 1005 1940 1148 2025; x_wconf 90' lang='lat' dir='ltr'>worship</span> <span class='ocrx_word' id='word_1_143' title='bbox 1170 1941 1207 2004; x_wconf 90' lang='lat' dir='ltr'>oi</span> <span class='ocrx_word' id='word_1_144' title='bbox 1237 1943 1338 2025; x_wconf 88' lang='lat' dir='ltr'>relics,</span> <span class='ocrx_word' id='word_1_145' title='bbox 1369 1945 1412 2008; x_wconf 87' lang='lat' dir='ltr'>he</span> 
     </span>
     <span class='ocr_line' id='line_1_16' title="bbox 110 2045 419 2108; baseline 0 0"><span class='ocrx_word' id='word_1_146' title='bbox 110 2047 164 2108; x_wconf 87' lang='lat' dir='ltr'>has</span> <span class='ocrx_word' id='word_1_147' title='bbox 187 2045 274 2108; x_wconf 90' lang='lat' dir='ltr'>these</span> <span class='ocrx_word' id='word_1_148' title='bbox 297 2046 419 2108; x_wconf 86' lang='lat' dir='ltr'>words:</span> 
     </span>
    </p>

    <p class='ocr_par' dir='ltr' id='par_1_5' title="bbox 111 2149 1415 3072">
     <span class='ocr_line' id='line_1_17' title="bbox 215 2149 1412 2236; baseline 0.004 -25"><span class='ocrx_word' id='word_1_149' title='bbox 215 2151 256 2212; x_wconf 90' lang='lat' dir='ltr'>Et</span> <span class='ocrx_word' id='word_1_150' title='bbox 279 2151 305 2212; x_wconf 90' lang='lat' dir='ltr'>si</span> <span class='ocrx_word' id='word_1_151' title='bbox 330 2149 380 2212; x_wconf 92' lang='lat' dir='ltr'>his</span> <span class='ocrx_word' id='word_1_152' title='bbox 405 2152 531 2212; x_wconf 88' lang='lat' dir='ltr'>credere</span> <span class='ocrx_word' id='word_1_153' title='bbox 555 2153 680 2234; x_wconf 91' lang='lat' dir='ltr'>nolunt,</span> <span class='ocrx_word' id='word_1_154' title='bbox 703 2152 814 2214; x_wconf 87' lang='lat' dir='ltr'>saltem</span> <span class='ocrx_word' id='word_1_155' title='bbox 840 2153 969 2215; x_wconf 87' lang='lat' dir='ltr'>credant</span> <span class='ocrx_word' id='word_1_156' title='bbox 994 2171 1054 2215; x_wconf 90' lang='lat' dir='ltr'>suo</span> <span class='ocrx_word' id='word_1_157' title='bbox 1077 2152 1229 2236; x_wconf 90' lang='lat' dir='ltr'>magistro</span> <span class='ocrx_word' id='word_1_158' title='bbox 1246 2152 1412 2236; x_wconf 89' lang='lat' dir='ltr'>Wiclcph‚</span> 
     </span>
     <span class='ocr_line' id='line_1_18' title="bbox 111 2254 1414 2339; baseline 0.004 -22"><span class='ocrx_word' id='word_1_159' title='bbox 111 2257 165 2339; x_wconf 94' lang='lat' dir='ltr'>qui</span> <span class='ocrx_word' id='word_1_160' title='bbox 194 2264 336 2317; x_wconf 81' lang='lat' dir='ltr'>tractatu</span> <span class='ocrx_word' id='word_1_161' title='bbox 362 2273 483 2339; x_wconf 79' lang='lat' dir='ltr'>irragno</span> <span class='ocrx_word' id='word_1_162' title='bbox 507 2255 547 2318; x_wconf 84' lang='lat' dir='ltr'>de</span> <span class='ocrx_word' id='word_1_163' title='bbox 569 2254 777 2320; x_wconf 68' lang='lat' dir='ltr'>Eucharistiae</span> <span class='ocrx_word' id='word_1_164' title='bbox 809 2256 949 2339; x_wconf 89' lang='lat' dir='ltr'>capitulo</span> <span class='ocrx_word' id='word_1_165' title='bbox 972 2256 1015 2319; x_wconf 88' lang='lat' dir='ltr'>IX</span> <span class='ocrx_word' id='word_1_166' title='bbox 1046 2256 1091 2319; x_wconf 93' lang='lat' dir='ltr'>sic</span> <span class='ocrx_word' id='word_1_167' title='bbox 1122 2255 1211 2320; x_wconf 90' lang='lat' dir='ltr'>dicit:</span> <span class='ocrx_word' id='word_1_168' title='bbox 1243 2256 1304 2320; x_wconf 88' lang='lat' dir='ltr'>Sed</span> <span class='ocrx_word' id='word_1_169' title='bbox 1338 2258 1414 2321; x_wconf 90' lang='lat' dir='ltr'>ideo</span> 
     </span>
     <span class='ocr_line' id='line_1_19' title="bbox 112 2361 1412 2445; baseline 0.003 -23"><span class='ocrx_word' id='word_1_170' title='bbox 112 2363 288 2423; x_wconf 88' lang='lat' dir='ltr'>adoramus</span> <span class='ocrx_word' id='word_1_171' title='bbox 312 2361 469 2443; x_wconf 81' lang='lat' dir='ltr'>imagines</span> <span class='ocrx_word' id='word_1_172' title='bbox 493 2361 579 2422; x_wconf 88' lang='lat' dir='ltr'>nude</span> <span class='ocrx_word' id='word_1_173' title='bbox 602 2376 637 2423; x_wconf 92' lang='lat' dir='ltr'>ut</span> <span class='ocrx_word' id='word_1_174' title='bbox 660 2361 764 2443; x_wconf 88' lang='lat' dir='ltr'>signa:</span> <span class='ocrx_word' id='word_1_175' title='bbox 796 2362 901 2423; x_wconf 89' lang='lat' dir='ltr'>Deum</span> <span class='ocrx_word' id='word_1_176' title='bbox 931 2376 1042 2423; x_wconf 88' lang='lat' dir='ltr'>autem</span> <span class='ocrx_word' id='word_1_177' title='bbox 1068 2361 1221 2423; x_wconf 87' lang='lat' dir='ltr'>debemus</span> <span class='ocrx_word' id='word_1_178' title='bbox 1252 2378 1412 2445; x_wconf 86' lang='lat' dir='ltr'>quantum</span> 
     </span>
     <span class='ocr_line' id='line_1_20' title="bbox 111 2460 1413 2549; baseline 0.003 -22"><span class='ocrx_word' id='word_1_179' title='bbox 111 2460 470 2528; x_wconf 79' lang='lat' dir='ltr'>su1·ficimusadorare.²</span> <span class='ocrx_word' id='word_1_180' title='bbox 491 2465 533 2527; x_wconf 82' lang='lat' dir='ltr'>Et</span> <span class='ocrx_word' id='word_1_181' title='bbox 553 2463 648 2529; x_wconf 81' lang='lat' dir='ltr'>infra:</span> <span class='ocrx_word' id='word_1_182' title='bbox 674 2464 870 2528; x_wconf 90' lang='lat' dir='ltr'>Conceditur</span> <span class='ocrx_word' id='word_1_183' title='bbox 885 2486 962 2547; x_wconf 89' lang='lat' dir='ltr'>ergo</span> <span class='ocrx_word' id='word_1_184' title='bbox 987 2466 1078 2548; x_wconf 92' lang='lat' dir='ltr'>quod</span> <span class='ocrx_word' id='word_1_185' title='bbox 1093 2464 1235 2548; x_wconf 83' lang='lat' dir='ltr'>reliquie,</span> <span class='ocrx_word' id='word_1_186' title='bbox 1255 2466 1413 2549; x_wconf 81' lang='lat' dir='ltr'>imagines</span> 
     </span>
     <span class='ocr_line' id='line_1_21' title="bbox 112 2571 1413 2653; baseline 0.004 -23"><span class='ocrx_word' id='word_1_187' title='bbox 112 2584 142 2632; x_wconf 88' lang='lat' dir='ltr'>et</span> <span class='ocrx_word' id='word_1_188' title='bbox 165 2584 366 2631; x_wconf 88' lang='lat' dir='ltr'>sacramenta</span> <span class='ocrx_word' id='word_1_189' title='bbox 389 2585 466 2632; x_wconf 92' lang='lat' dir='ltr'>sunt</span> <span class='ocrx_word' id='word_1_190' title='bbox 490 2590 563 2632; x_wconf 90' lang='lat' dir='ltr'>cunt</span> <span class='ocrx_word' id='word_1_191' title='bbox 588 2571 762 2652; x_wconf 90' lang='lat' dir='ltr'>prudencia</span> <span class='ocrx_word' id='word_1_192' title='bbox 785 2573 955 2633; x_wconf 88' lang='lat' dir='ltr'>adoranda.</span> <span class='ocrx_word' id='word_1_193' title='bbox 981 2571 1035 2632; x_wconf 90' lang='lat' dir='ltr'>llle</span> <span class='ocrx_word' id='word_1_194' title='bbox 1058 2590 1135 2653; x_wconf 89' lang='lat' dir='ltr'>ergo</span> <span class='ocrx_word' id='word_1_195' title='bbox 1161 2571 1217 2653; x_wconf 94' lang='lat' dir='ltr'>qui</span> <span class='ocrx_word' id='word_1_196' title='bbox 1241 2573 1317 2633; x_wconf 90' lang='lat' dir='ltr'>sciet</span> <span class='ocrx_word' id='word_1_197' title='bbox 1341 2592 1413 2635; x_wconf 91' lang='lat' dir='ltr'>sus·</span> 
     </span>
     <span class='ocr_line' id='line_1_22' title="bbox 113 2674 1412 2759; baseline 0.002 -23"><span class='ocrx_word' id='word_1_198' title='bbox 113 2677 251 2758; x_wconf 92' lang='lat' dir='ltr'>pendere</span> <span class='ocrx_word' id='word_1_199' title='bbox 285 2674 582 2737; x_wconf 87' lang='lat' dir='ltr'>consideracionem</span> <span class='ocrx_word' id='word_1_200' title='bbox 618 2675 699 2757; x_wconf 91' lang='lat' dir='ltr'>signi</span> <span class='ocrx_word' id='word_1_201' title='bbox 737 2675 891 2737; x_wconf 88' lang='lat' dir='ltr'>sensibilis</span> <span class='ocrx_word' id='word_1_202' title='bbox 924 2690 954 2738; x_wconf 91' lang='lat' dir='ltr'>ct</span> <span class='ocrx_word' id='word_1_203' title='bbox 988 2677 1169 2759; x_wconf 88' lang='lat' dir='ltr'>appendere</span> <span class='ocrx_word' id='word_1_204' title='bbox 1202 2695 1412 2739; x_wconf 90' lang='lat' dir='ltr'>communem</span> 
     </span>
     <span class='ocr_line' id='line_1_23' title="bbox 112 2779 1414 2864; baseline 0.002 -22"><span class='ocrx_word' id='word_1_205' title='bbox 112 2780 331 2842; x_wconf 82' lang='lat' dir='ltr'>intencionem</span> <span class='ocrx_word' id='word_1_206' title='bbox 356 2794 386 2842; x_wconf 92' lang='lat' dir='ltr'>et</span> <span class='ocrx_word' id='word_1_207' title='bbox 410 2779 616 2843; x_wconf 85' lang='lat' dir='ltr'>affeccionem</span> <span class='ocrx_word' id='word_1_208' title='bbox 641 2782 672 2842; x_wconf 94' lang='lat' dir='ltr'>in</span> <span class='ocrx_word' id='word_1_209' title='bbox 697 2780 859 2842; x_wconf 88' lang='lat' dir='ltr'>creacione</span> <span class='ocrx_word' id='word_1_210' title='bbox 885 2779 1042 2861; x_wconf 86' lang='lat' dir='ltr'>imaginis,</span> <span class='ocrx_word' id='word_1_211' title='bbox 1067 2781 1167 2842; x_wconf 91' lang='lat' dir='ltr'>modo</span> <span class='ocrx_word' id='word_1_212' title='bbox 1191 2799 1256 2864; x_wconf 95' lang='lat' dir='ltr'>quo</span> <span class='ocrx_word' id='word_1_213' title='bbox 1280 2780 1414 2845; x_wconf 88' lang='lat' dir='ltr'>clericus</span> 
     </span>
     <span class='ocr_line' id='line_1_24' title="bbox 111 2885 1415 2968; baseline 0.002 -21"><span class='ocrx_word' id='word_1_214' title='bbox 111 2886 279 2967; x_wconf 88' lang='lat' dir='ltr'>suspendit</span> <span class='ocrx_word' id='word_1_215' title='bbox 316 2885 490 2967; x_wconf 80' lang='lat' dir='ltr'>scripturas</span> <span class='ocrx_word' id='word_1_216' title='bbox 520 2885 732 2968; x_wconf 89' lang='lat' dir='ltr'>concipiendo</span> <span class='ocrx_word' id='word_1_217' title='bbox 757 2887 960 2963; x_wconf 88' lang='lat' dir='ltr'>sentenciam,</span> <span class='ocrx_word' id='word_1_218' title='bbox 994 2887 1055 2964; x_wconf 91' lang='lat' dir='ltr'>ille,</span> <span class='ocrx_word' id='word_1_219' title='bbox 1087 2885 1231 2968; x_wconf 87' lang='lat' dir='ltr'>inquam,</span> <span class='ocrx_word' id='word_1_220' title='bbox 1265 2886 1415 2950; x_wconf 85' lang='lat' dir='ltr'>adoraret</span> 
     </span>
     <span class='ocr_line' id='line_1_25' title="bbox 112 2989 596 3072; baseline 0.004 -21"><span class='ocrx_word' id='word_1_221' title='bbox 112 2991 202 3052; x_wconf 88' lang='lat' dir='ltr'>latria</span> <span class='ocrx_word' id='word_1_222' title='bbox 227 2989 333 3051; x_wconf 90' lang='lat' dir='ltr'>Deum</span> <span class='ocrx_word' id='word_1_223' title='bbox 358 2990 389 3050; x_wconf 94' lang='lat' dir='ltr'>in</span> <span class='ocrx_word' id='word_1_224' title='bbox 414 2990 470 3053; x_wconf 89' lang='lat' dir='ltr'>illo</span> <span class='ocrx_word' id='word_1_225' title='bbox 494 2990 596 3072; x_wconf 89' lang='lat' dir='ltr'>signo.</span> 
     </span>
    </p>

    <p class='ocr_par' dir='ltr' id='par_1_6' title="bbox 112 3089 1414 3369">
     <span class='ocr_line' id='line_1_26' title="bbox 218 3089 1414 3178; baseline 0.003 -22"><span class='ocrx_word' id='word_1_226' title='bbox 218 3089 416 3157; x_wconf 82' lang='lat' dir='ltr'>The&#39;same</span> <span class='ocrx_word' id='word_1_227' title='bbox 455 3096 572 3158; x_wconf 88' lang='lat' dir='ltr'>author</span> <span class='ocrx_word' id='word_1_228' title='bbox 612 3097 679 3158; x_wconf 92' lang='lat' dir='ltr'>also</span> <span class='ocrx_word' id='word_1_229' title='bbox 718 3095 864 3176; x_wconf 83' lang='lat' dir='ltr'>lormally</span> <span class='ocrx_word' id='word_1_230' title='bbox 907 3096 1046 3157; x_wconf 88' lang='lat' dir='ltr'>declares</span> <span class='ocrx_word' id='word_1_231' title='bbox 1090 3114 1155 3157; x_wconf 90' lang='lat' dir='ltr'>war</span> <span class='ocrx_word' id='word_1_232' title='bbox 1197 3095 1320 3178; x_wconf 90' lang='lat' dir='ltr'>against</span> <span class='ocrx_word' id='word_1_233' title='bbox 1357 3097 1414 3159; x_wconf 89' lang='lat' dir='ltr'>the</span> 
     </span>
     <span class='ocr_line' id='line_1_27' title="bbox 115 3198 1412 3282; baseline 0.002 -22"><span class='ocrx_word' id='word_1_234' title='bbox 115 3198 301 3282; x_wconf 83' lang='lat' dir='ltr'>Wycliifian</span> <span class='ocrx_word' id='word_1_235' title='bbox 326 3200 472 3262; x_wconf 88' lang='lat' dir='ltr'>doctrine</span> <span class='ocrx_word' id='word_1_236' title='bbox 498 3200 535 3261; x_wconf 86' lang='lat' dir='ltr'>of</span> <span class='ocrx_word' id='word_1_237' title='bbox 556 3201 609 3262; x_wconf 91' lang='lat' dir='ltr'>the</span> <span class='ocrx_word' id='word_1_238' title='bbox 634 3200 747 3263; x_wconf 89' lang='lat' dir='ltr'>Lord&#39;s</span> <span class='ocrx_word' id='word_1_239' title='bbox 773 3200 907 3281; x_wconf 86' lang='lat' dir='ltr'>Supper,</span> <span class='ocrx_word' id='word_1_240' title='bbox 936 3221 969 3261; x_wconf 90' lang='lat' dir='ltr'>as</span> <span class='ocrx_word' id='word_1_241' title='bbox 995 3200 1184 3282; x_wconf 88' lang='lat' dir='ltr'>cxpounded</span> <span class='ocrx_word' id='word_1_242' title='bbox 1208 3199 1239 3261; x_wconf 94' lang='lat' dir='ltr'>in</span> <span class='ocrx_word' id='word_1_243' title='bbox 1257 3200 1308 3262; x_wconf 91' lang='lat' dir='ltr'>the</span> <span class='ocrx_word' id='word_1_244' title='bbox 1326 3200 1412 3263; x_wconf 87' lang='lat' dir='ltr'>boolt</span> 
     </span>
     <span class='ocr_line' id='line_1_28' title="bbox 112 3299 426 3369; baseline -0.003 -3"><span class='ocrx_word' id='word_1_245' title='bbox 112 3307 160 3369; x_wconf 84' lang='lat' dir='ltr'>De</span> <span class='ocrx_word' id='word_1_246' title='bbox 184 3299 426 3368; x_wconf 68' lang='grc' dir='ltr'>ΕιιεΙιανίειιά.3</span> 
     </span>
    </p>

    <p class='ocr_par' dir='ltr' id='par_1_7' title="bbox 111 3408 1414 3806">
     <span class='ocr_line' id='line_1_29' title="bbox 217 3408 1413 3494; baseline 0.002 -22"><span class='ocrx_word' id='word_1_247' title='bbox 217 3411 306 3489; x_wconf 89' lang='lat' dir='ltr'>ltem,</span> <span class='ocrx_word' id='word_1_248' title='bbox 330 3408 485 3492; x_wconf 88' lang='lat' dir='ltr'>profiteor</span> <span class='ocrx_word' id='word_1_249' title='bbox 508 3410 642 3473; x_wconf 88' lang='lat' dir='ltr'>fideliter</span> <span class='ocrx_word' id='word_1_250' title='bbox 670 3412 756 3494; x_wconf 91' lang='lat' dir='ltr'>quod</span> <span class='ocrx_word' id='word_1_251' title='bbox 791 3430 854 3471; x_wconf 94' lang='lat' dir='ltr'>non</span> <span class='ocrx_word' id='word_1_252' title='bbox 879 3411 1004 3491; x_wconf 87' lang='lat' dir='ltr'>placent</span> <span class='ocrx_word' id='word_1_253' title='bbox 1027 3409 1104 3471; x_wconf 90' lang='lat' dir='ltr'>mihi</span> <span class='ocrx_word' id='word_1_254' title='bbox 1128 3408 1250 3472; x_wconf 89' lang='lat' dir='ltr'>articuli</span> <span class='ocrx_word' id='word_1_255' title='bbox 1280 3408 1413 3474; x_wconf 90' lang='lat' dir='ltr'>Joannis</span> 
     </span>
     <span class='ocr_line' id='line_1_30' title="bbox 113 3513 1414 3600; baseline -0.001 -21"><span class='ocrx_word' id='word_1_256' title='bbox 113 3516 274 3600; x_wconf 92' lang='lat' dir='ltr'>Wycleph</span> <span class='ocrx_word' id='word_1_257' title='bbox 299 3565 306 3579; x_wconf 89' lang='lat'><em>.</em></span> <span class='ocrx_word' id='word_1_258' title='bbox 332 3567 340 3583; x_wconf 90' lang='lat'><strong>.</strong></span> <span class='ocrx_word' id='word_1_259' title='bbox 367 3515 605 3598; x_wconf 81' lang='lat' dir='ltr'>‚primorum</span> <span class='ocrx_word' id='word_1_260' title='bbox 638 3514 713 3577; x_wconf 92' lang='lat' dir='ltr'>dicit</span> <span class='ocrx_word' id='word_1_261' title='bbox 745 3516 831 3597; x_wconf 90' lang='lat' dir='ltr'>quod</span> <span class='ocrx_word' id='word_1_262' title='bbox 865 3534 1033 3597; x_wconf 88' lang='lat' dir='ltr'>nunquam</span> <span class='ocrx_word' id='word_1_263' title='bbox 1067 3513 1204 3576; x_wconf 88' lang='lat' dir='ltr'>creditur</span> <span class='ocrx_word' id='word_1_264' title='bbox 1235 3516 1414 3578; x_wconf 88' lang='lat' dir='ltr'>secundum</span> 
     </span>
     <span class='ocr_line' id='line_1_31' title="bbox 111 3617 1414 3704; baseline -0.003 -19"><span class='ocrx_word' id='word_1_265' title='bbox 111 3623 333 3703; x_wconf 81' lang='lat' dir='ltr'>Augustinum</span> <span class='ocrx_word' id='word_1_266' title='bbox 357 3623 406 3683; x_wconf 89' lang='lat' dir='ltr'>vel</span> <span class='ocrx_word' id='word_1_267' title='bbox 431 3622 574 3704; x_wconf 90' lang='lat' dir='ltr'>aliquem</span> <span class='ocrx_word' id='word_1_268' title='bbox 597 3640 635 3681; x_wconf 89' lang='lat' dir='ltr'>ex</span> <span class='ocrx_word' id='word_1_269' title='bbox 659 3622 719 3683; x_wconf 90' lang='lat' dir='ltr'>hoc</span> <span class='ocrx_word' id='word_1_270' title='bbox 736 3617 931 3682; x_wconf 87' lang='lat' dir='ltr'>catholicum</span> <span class='ocrx_word' id='word_1_271' title='bbox 948 3620 1073 3680; x_wconf 88' lang='lat' dir='ltr'>credere</span> <span class='ocrx_word' id='word_1_272' title='bbox 1088 3618 1138 3679; x_wconf 88' lang='lat' dir='ltr'>vel</span> <span class='ocrx_word' id='word_1_273' title='bbox 1164 3632 1271 3680; x_wconf 88' lang='lat' dir='ltr'>tenere</span> <span class='ocrx_word' id='word_1_274' title='bbox 1295 3639 1414 3701; x_wconf 87' lang='lat' dir='ltr'>corpus</span> 
     </span>
     <span class='ocr_line' id='line_1_32' title="bbox 112 3722 1412 3806; baseline -0.002 -16"><span class='ocrx_word' id='word_1_275' title='bbox 112 3727 228 3790; x_wconf 88' lang='lat' dir='ltr'>Christi</span> <span class='ocrx_word' id='word_1_276' title='bbox 253 3726 404 3789; x_wconf 89' lang='lat' dir='ltr'>habuisse</span> <span class='ocrx_word' id='word_1_277' title='bbox 429 3727 461 3788; x_wconf 92' lang='lat' dir='ltr'>in</span> <span class='ocrx_word' id='word_1_278' title='bbox 489 3726 687 3788; x_wconf 83' lang='lat' dir='ltr'>Eucharistia</span> <span class='ocrx_word' id='word_1_279' title='bbox 703 3724 906 3788; x_wconf 86' lang='lat' dir='ltr'>existenciam</span> <span class='ocrx_word' id='word_1_280' title='bbox 923 3723 1116 3806; x_wconf 89' lang='lat' dir='ltr'>singularem</span> <span class='ocrx_word' id='word_1_281' title='bbox 1139 3722 1171 3784; x_wconf 94' lang='lat' dir='ltr'>in</span> <span class='ocrx_word' id='word_1_282' title='bbox 1188 3743 1245 3786; x_wconf 91' lang='lat' dir='ltr'>sua</span> <span class='ocrx_word' id='word_1_283' title='bbox 1260 3725 1412 3787; x_wconf 91' lang='lat' dir='ltr'>essencia.</span> 
     </span>
    </p>

    <p class='ocr_par' dir='ltr' id='par_1_8' title="bbox 112 3829 1413 4125">
     <span class='ocr_line' id='line_1_33' title="bbox 217 3829 1413 3915; baseline 0 -21"><span class='ocrx_word' id='word_1_284' title='bbox 217 3833 306 3912; x_wconf 90' lang='lat' dir='ltr'>ltcm,</span> <span class='ocrx_word' id='word_1_285' title='bbox 332 3833 421 3915; x_wconf 95' lang='lat' dir='ltr'>quod</span> <span class='ocrx_word' id='word_1_286' title='bbox 446 3851 564 3914; x_wconf 92' lang='lat' dir='ltr'>corpus</span> <span class='ocrx_word' id='word_1_287' title='bbox 588 3830 708 3894; x_wconf 91' lang='lat' dir='ltr'>Christi</span> <span class='ocrx_word' id='word_1_288' title='bbox 726 3851 790 3891; x_wconf 93' lang='lat' dir='ltr'>non</span> <span class='ocrx_word' id='word_1_289' title='bbox 812 3844 858 3891; x_wconf 86' lang='lat' dir='ltr'>est</span> <span class='ocrx_word' id='word_1_290' title='bbox 883 3830 1061 3890; x_wconf 91' lang='lat' dir='ltr'>secundum</span> <span class='ocrx_word' id='word_1_291' title='bbox 1087 3847 1120 3889; x_wconf 92' lang='lat' dir='ltr'>se</span> <span class='ocrx_word' id='word_1_292' title='bbox 1145 3829 1176 3890; x_wconf 90' lang='lat' dir='ltr'>in</span> <span class='ocrx_word' id='word_1_293' title='bbox 1202 3845 1413 3894; x_wconf 86' lang='lat' dir='ltr'>sacramento.</span> 
     </span>
     <span class='ocr_line' id='line_1_34' title="bbox 114 3931 1412 4020; baseline -0.003 -20"><span class='ocrx_word' id='word_1_294' title='bbox 114 3939 204 4017; x_wconf 88' lang='lat' dir='ltr'>Item,</span> <span class='ocrx_word' id='word_1_295' title='bbox 238 3939 327 4020; x_wconf 92' lang='lat' dir='ltr'>quod</span> <span class='ocrx_word' id='word_1_296' title='bbox 351 3957 471 4019; x_wconf 90' lang='lat' dir='ltr'>corpus</span> <span class='ocrx_word' id='word_1_297' title='bbox 500 3935 620 4000; x_wconf 86' lang='lat' dir='ltr'>Christi</span> <span class='ocrx_word' id='word_1_298' title='bbox 655 3950 702 3998; x_wconf 88' lang='lat' dir='ltr'>est</span> <span class='ocrx_word' id='word_1_299' title='bbox 734 3955 797 3996; x_wconf 93' lang='lat' dir='ltr'>non</span> <span class='ocrx_word' id='word_1_300' title='bbox 834 3953 950 4016; x_wconf 88' lang='lat' dir='ltr'>corpus</span> <span class='ocrx_word' id='word_1_301' title='bbox 983 3931 1169 3996; x_wconf 90' lang='lat' dir='ltr'>Christi·in</span> <span class='ocrx_word' id='word_1_302' title='bbox 1203 3947 1412 3996; x_wconf 88' lang='lat' dir='ltr'>sacramento.</span> 
     </span>
     <span class='ocr_line' id='line_1_35' title="bbox 112 4040 1412 4125; baseline -0.002 -21"><span class='ocrx_word' id='word_1_303' title='bbox 112 4043 201 4125; x_wconf 88' lang='lat' dir='ltr'>Item,</span> <span class='ocrx_word' id='word_1_304' title='bbox 236 4058 267 4106; x_wconf 90' lang='lat' dir='ltr'>et</span> <span class='ocrx_word' id='word_1_305' title='bbox 300 4044 346 4105; x_wconf 90' lang='lat' dir='ltr'>sic</span> <span class='ocrx_word' id='word_1_306' title='bbox 378 4043 504 4105; x_wconf 89' lang='lat' dir='ltr'>videtur</span> <span class='ocrx_word' id='word_1_307' title='bbox 536 4062 654 4124; x_wconf 89' lang='lat' dir='ltr'>corpus</span> <span class='ocrx_word' id='word_1_308' title='bbox 688 4040 803 4105; x_wconf 88' lang='lat' dir='ltr'>Christi</span> <span class='ocrx_word' id='word_1_309' title='bbox 838 4054 911 4122; x_wconf 89' lang='lat' dir='ltr'>post</span> <span class='ocrx_word' id='word_1_310' title='bbox 942 4040 1166 4101; x_wconf 80' lang='lat' dir='ltr'>ascentionem</span> <span class='ocrx_word' id='word_1_311' title='bbox 1193 4040 1311 4101; x_wconf 88' lang='lat' dir='ltr'>nedum</span> <span class='ocrx_word' id='word_1_312' title='bbox 1347 4058 1412 4102; x_wconf 89' lang='lat' dir='ltr'>non</span> 
     </span>
    </p>
   </div>
   <div class='ocr_carea' id='block_1_3' title="bbox 111 4264 1413 4427">
    <p class='ocr_par' dir='ltr' id='par_1_9' title="bbox 111 4264 1413 4427">
     <span class='ocr_line' id='line_1_36' title="bbox 218 4264 1413 4334; baseline -0.008 -12"><span class='ocrx_word' id='word_1_313' title='bbox 218 4275 226 4308; x_wconf 86' lang='lat'><strong>¹</strong></span> <span class='ocrx_word' id='word_1_314' title='bbox 245 4272 404 4332; x_wconf 84' lang='lat' dir='ltr'>Cochlaens,</span> <span class='ocrx_word' id='word_1_315' title='bbox 424 4272 540 4321; x_wconf 81' lang='lat' dir='ltr'>Historia</span> <span class='ocrx_word' id='word_1_316' title='bbox 560 4272 734 4329; x_wconf 83' lang='lat' dir='ltr'>llussitnrum,</span> <span class='ocrx_word' id='word_1_317' title='bbox 754 4286 797 4334; x_wconf 85' lang='lat' dir='ltr'>pp.</span> <span class='ocrx_word' id='word_1_318' title='bbox 818 4267 963 4329; x_wconf 69' lang='lat' dir='ltr'>ior-547.</span> <span class='ocrx_word' id='word_1_319' title='bbox 1037 4266 1047 4300; x_wconf 86' lang='lat'>²</span> <span class='ocrx_word' id='word_1_320' title='bbox 1066 4266 1109 4328; x_wconf 66' lang='lat' dir='ltr'>lb„</span> <span class='ocrx_word' id='word_1_321' title='bbox 1128 4282 1154 4332; x_wconf 91' lang='lat' dir='ltr'>p.</span> <span class='ocrx_word' id='word_1_322' title='bbox 1175 4265 1232 4316; x_wconf 78' lang='lat'>521.</span> <span class='ocrx_word' id='word_1_323' title='bbox 1304 4264 1413 4314; x_wconf 67' lang='grc' dir='ltr'>3(ἶυιη-</span> 
     </span>
     <span class='ocr_line' id='line_1_37' title="bbox 111 4352 1308 4427; baseline -0.008 -17"><span class='ocrx_word' id='word_1_324' title='bbox 111 4377 172 4427; x_wconf 85' lang='lat' dir='ltr'>pare</span> <span class='ocrx_word' id='word_1_325' title='bbox 192 4360 235 4411; x_wconf 84' lang='lat' dir='ltr'>the</span> <span class='ocrx_word' id='word_1_326' title='bbox 256 4361 408 4426; x_wconf 86' lang='lat' dir='ltr'>interesting</span> <span class='ocrx_word' id='word_1_327' title='bbox 428 4359 522 4409; x_wconf 91' lang='lat' dir='ltr'>details</span> <span class='ocrx_word' id='word_1_328' title='bbox 541 4360 566 4407; x_wconf 89' lang='lat' dir='ltr'>in</span> <span class='ocrx_word' id='word_1_329' title='bbox 585 4358 630 4408; x_wconf 86' lang='lat' dir='ltr'>the</span> <span class='ocrx_word' id='word_1_330' title='bbox 649 4357 801 4408; x_wconf 82' lang='lat' dir='ltr'>Chronicles</span> <span class='ocrx_word' id='word_1_331' title='bbox 820 4356 851 4406; x_wconf 86' lang='lat' dir='ltr'>ol</span> <span class='ocrx_word' id='word_1_332' title='bbox 866 4355 910 4405; x_wconf 83' lang='lat' dir='ltr'>the</span> <span class='ocrx_word' id='word_1_333' title='bbox 927 4354 1076 4417; x_wconf 83' lang='lat' dir='ltr'>Taburites,</span> <span class='ocrx_word' id='word_1_334' title='bbox 1095 4369 1120 4419; x_wconf 87' lang='lat' dir='ltr'>p.</span> <span class='ocrx_word' id='word_1_335' title='bbox 1141 4352 1191 4421; x_wconf 75' lang='lat'>594</span> <span class='ocrx_word' id='word_1_336' title='bbox 1209 4364 1234 4403; x_wconf 85' lang='lat' dir='ltr'>et</span> <span class='ocrx_word' id='word_1_337' title='bbox 1253 4368 1308 4418; x_wconf 85' lang='lat' dir='ltr'>seq.</span> 
     </span>
    </p>
   </div>
   <div class='ocr_carea' id='block_1_4' title="bbox 0 0 1539 4920">
    <p class='ocr_par' dir='ltr' id='par_1_10' title="bbox 0 0 1539 4920">
     <span class='ocr_line' id='line_1_38' title="bbox 0 0 1539 4920; baseline 0 0"><span class='ocrx_word' id='word_1_338' title='bbox 0 0 1539 4920; x_wconf 95' lang='lat' dir='ltr'> </span> 
     </span>
    </p>
   </div>
  </div>
 </body>
</html>
