<?xml version="1.0" encoding="UTF-8"?>
<!DOCTYPE html PUBLIC "-//W3C//DTD XHTML 1.0 Transitional//EN"
    "http://www.w3.org/TR/xhtml1/DTD/xhtml1-transitional.dtd">
<html xmlns="http://www.w3.org/1999/xhtml" xml:lang="en" lang="en">
 <head>
  <title>
</title>
<meta http-equiv="Content-Type" content="text/html;charset=utf-8" />
  <meta name='ocr-system' content='tesseract 3.04.00' />
  <meta name='ocr-capabilities' content='ocr_page ocr_carea ocr_par ocr_line ocrx_word'/>
</head>
<body>
  <div class='ocr_page' id='page_1' title='image "./iohanniswyclifd01losegoog/iohanniswyclifd01losegoog_0218.png"; bbox 0 0 3046 4920; ppageno 0'>
   <div class='ocr_carea' id='block_1_1' title="bbox 192 459 845 551">
    <p class='ocr_par' dir='ltr' id='par_1_1' title="bbox 192 459 845 551">
     <span class='ocr_line' id='line_1_1' title="bbox 192 459 845 551; baseline 0.018 -32"><span class='ocrx_word' id='word_1_1' title='bbox 192 474 260 521; x_wconf 70' lang='lat' dir='ltr'>car.</span> <span class='ocrx_word' id='word_1_2' title='bbox 276 459 317 551; x_wconf 76' lang='lat' dir='ltr'>u]</span> <span class='ocrx_word' id='word_1_3' title='bbox 534 481 581 534; x_wconf 78' lang='lat' dir='ltr'>nn</span> <span class='ocrx_word' id='word_1_4' title='bbox 599 479 845 532; x_wconf 73' lang='lat' dir='ltr'>euenerunt.</span> 
     </span>
    </p>
   </div>
   <div class='ocr_carea' id='block_1_2' title="bbox 192 635 1401 1060">
    <p class='ocr_par' dir='ltr' id='par_1_2' title="bbox 192 635 1401 1060">
     <span class='ocr_line' id='line_1_2' title="bbox 192 635 1188 721; baseline -0.001 -20"><span class='ocrx_word' id='word_1_5' title='bbox 192 635 301 701; x_wconf 87' lang='lat' dir='ltr'>fictum</span> <span class='ocrx_word' id='word_1_6' title='bbox 330 658 443 721; x_wconf 90' lang='lat' dir='ltr'>perse</span> <span class='ocrx_word' id='word_1_7' title='bbox 466 638 601 701; x_wconf 83' lang='lat' dir='ltr'>existere</span> <span class='ocrx_word' id='word_1_8' title='bbox 628 651 783 720; x_wconf 88' lang='lat' dir='ltr'>tanquam</span> <span class='ocrx_word' id='word_1_9' title='bbox 807 639 923 719; x_wconf 90' lang='lat' dir='ltr'>Deum,</span> <span class='ocrx_word' id='word_1_10' title='bbox 949 653 980 700; x_wconf 89' lang='lat' dir='ltr'>et</span> <span class='ocrx_word' id='word_1_11' title='bbox 1002 638 1046 700; x_wconf 88' lang='lat' dir='ltr'>sic</span> <span class='ocrx_word' id='word_1_12' title='bbox 1075 637 1188 701; x_wconf 89' lang='lat' dir='ltr'>nititur</span> 
     </span>
     <span class='ocr_line' id='line_1_3' title="bbox 192 741 1188 824; baseline 0.001 -20"><span class='ocrx_word' id='word_1_13' title='bbox 192 743 316 806; x_wconf 94' lang='lat' dir='ltr'>cultum</span> <span class='ocrx_word' id='word_1_14' title='bbox 340 763 514 807; x_wconf 92' lang='lat' dir='ltr'>erroneum</span> <span class='ocrx_word' id='word_1_15' title='bbox 536 742 631 824; x_wconf 90' lang='lat' dir='ltr'>signo</span> <span class='ocrx_word' id='word_1_16' title='bbox 655 741 833 805; x_wconf 85' lang='lat' dir='ltr'>exhibitum</span> <span class='ocrx_word' id='word_1_17' title='bbox 849 743 1010 806; x_wconf 89' lang='lat' dir='ltr'>destruere</span> <span class='ocrx_word' id='word_1_18' title='bbox 1034 757 1065 806; x_wconf 92' lang='lat' dir='ltr'>et</span> <span class='ocrx_word' id='word_1_19' title='bbox 1082 757 1188 806; x_wconf 89' lang='lat' dir='ltr'>totum</span> 
     </span>
     <span class='ocr_line' id='line_1_4' title="bbox 192 845 1106 930; baseline 0.001 -21"><span class='ocrx_word' id='word_1_20' title='bbox 192 848 317 911; x_wconf 91' lang='lat' dir='ltr'>cultum</span> <span class='ocrx_word' id='word_1_21' title='bbox 342 847 474 912; x_wconf 92' lang='lat' dir='ltr'>Christo</span> <span class='ocrx_word' id='word_1_22' title='bbox 498 866 596 930; x_wconf 91' lang='lat' dir='ltr'>quem</span> <span class='ocrx_word' id='word_1_23' title='bbox 621 845 686 909; x_wconf 84' lang='lat' dir='ltr'>fide</span> <span class='ocrx_word' id='word_1_24' title='bbox 709 847 753 909; x_wconf 91' lang='lat' dir='ltr'>ibi</span> <span class='ocrx_word' id='word_1_25' title='bbox 777 848 924 912; x_wconf 81' lang='lat' dir='ltr'>videmus</span> <span class='ocrx_word' id='word_1_26' title='bbox 946 848 1106 930; x_wconf 78' lang='lat' dir='ltr'>colligere.</span> 
     </span>
     <span class='ocr_line' id='line_1_5' title="bbox 237 951 1401 1060; baseline -0.001 -45"><span class='ocrx_word' id='word_1_27' title='bbox 237 952 278 1015; x_wconf 88' lang='lat' dir='ltr'>Et</span> <span class='ocrx_word' id='word_1_28' title='bbox 305 965 466 1035; x_wconf 89' lang='lat' dir='ltr'>quantum</span> <span class='ocrx_word' id='word_1_29' title='bbox 495 952 535 1012; x_wconf 91' lang='lat' dir='ltr'>ad</span> <span class='ocrx_word' id='word_1_30' title='bbox 564 951 767 1016; x_wconf 78' lang='lat' dir='ltr'>occasionem</span> <span class='ocrx_word' id='word_1_31' title='bbox 796 953 964 1037; x_wconf 78' lang='lat' dir='ltr'>ydolatrie,</span> <span class='ocrx_word' id='word_1_32' title='bbox 992 952 1117 1016; x_wconf 89' lang='lat' dir='ltr'>dictum</span> <span class='ocrx_word' id='word_1_33' title='bbox 1141 966 1189 1015; x_wconf 91' lang='lat' dir='ltr'>est</span> <span class='ocrx_word' id='word_1_34' title='bbox 1202 962 1401 1060; x_wconf 47' lang='lat' dir='ltr'>[ggsgsfbpgapc</span> 
     </span>
    </p>
   </div>
   <div class='ocr_carea' id='block_1_3' title="bbox 168 1056 1383 1139">
    <p class='ocr_par' dir='ltr' id='par_1_3' title="bbox 168 1056 1383 1139">
     <span class='ocr_line' id='line_1_6' title="bbox 168 1056 1383 1139; baseline -0.001 -20"><span class='ocrx_word' id='word_1_35' title='bbox 168 1057 340 1139; x_wconf 76' lang='lat' dir='ltr'>ssuperius</span> <span class='ocrx_word' id='word_1_36' title='bbox 383 1056 554 1138; x_wconf 92' lang='lat' dir='ltr'>quomodo</span> <span class='ocrx_word' id='word_1_37' title='bbox 594 1058 718 1121; x_wconf 90' lang='lat' dir='ltr'>Doctor</span> <span class='ocrx_word' id='word_1_38' title='bbox 753 1058 886 1122; x_wconf 86' lang='lat' dir='ltr'>Subtilis</span> <span class='ocrx_word' id='word_1_39' title='bbox 927 1057 1062 1122; x_wconf 81' lang='lat' dir='ltr'>destruit</span> <span class='ocrx_word' id='word_1_40' title='bbox 1107 1058 1188 1120; x_wconf 88' lang='lat' dir='ltr'>hanc</span> <span class='ocrx_word' id='word_1_41' title='bbox 1226 1069 1383 1112; x_wconf 74' lang='lat' dir='ltr'>woutduncu</span> 
     </span>
    </p>
   </div>
   <div class='ocr_carea' id='block_1_4' title="bbox 192 1122 1394 1244">
    <p class='ocr_par' dir='ltr' id='par_1_4' title="bbox 192 1122 1394 1244">
     <span class='ocr_line' id='line_1_7' title="bbox 192 1122 1394 1244; baseline 0.005 -21"><span class='ocrx_word' id='word_1_42' title='bbox 192 1161 390 1223; x_wconf 87' lang='lat' dir='ltr'>evidenciam</span> <span class='ocrx_word' id='word_1_43' title='bbox 421 1181 526 1244; x_wconf 88' lang='lat' dir='ltr'>usque</span> <span class='ocrx_word' id='word_1_44' title='bbox 553 1164 594 1224; x_wconf 92' lang='lat' dir='ltr'>ad</span> <span class='ocrx_word' id='word_1_45' title='bbox 619 1163 871 1226; x_wconf 79' lang='lat' dir='ltr'>fundamentum</span> <span class='ocrx_word' id='word_1_46' title='bbox 898 1163 930 1225; x_wconf 91' lang='lat' dir='ltr'>in</span> <span class='ocrx_word' id='word_1_47' title='bbox 959 1179 1012 1241; x_wconf 85' lang='lat' dir='ltr'>ea;</span> <span class='ocrx_word' id='word_1_48' title='bbox 1046 1183 1122 1227; x_wconf 90' lang='lat' dir='ltr'>nam</span> <span class='ocrx_word' id='word_1_49' title='bbox 1146 1163 1189 1227; x_wconf 87' lang='lat' dir='ltr'>ita</span> <span class='ocrx_word' id='word_1_50' title='bbox 1217 1122 1394 1229; x_wconf 62' lang='lat' dir='ltr'>&#39;&#39;llllhllrl</span> 
     </span>
    </p>
   </div>
   <div class='ocr_carea' id='block_1_5' title="bbox 151 1226 1392 3458">
    <p class='ocr_par' dir='ltr' id='par_1_5' title="bbox 151 1226 1392 3458">
     <span class='ocr_line' id='line_1_8' title="bbox 192 1226 1392 1348; baseline -0.007 -21"><span class='ocrx_word' id='word_1_51' title='bbox 192 1286 315 1348; x_wconf 86' lang='lat' dir='ltr'>pronus</span> <span class='ocrx_word' id='word_1_52' title='bbox 342 1280 390 1328; x_wconf 88' lang='lat' dir='ltr'>est</span> <span class='ocrx_word' id='word_1_53' title='bbox 418 1267 560 1348; x_wconf 90' lang='lat' dir='ltr'>populus</span> <span class='ocrx_word' id='word_1_54' title='bbox 588 1268 629 1329; x_wconf 90' lang='lat' dir='ltr'>ad</span> <span class='ocrx_word' id='word_1_55' title='bbox 657 1267 831 1331; x_wconf 91' lang='lat' dir='ltr'>colendum</span> <span class='ocrx_word' id='word_1_56' title='bbox 860 1268 921 1331; x_wconf 90' lang='lat' dir='ltr'>hoc</span> <span class='ocrx_word' id='word_1_57' title='bbox 949 1282 1189 1332; x_wconf 82' lang='lat' dir='ltr'>sacramentum</span> <span class='ocrx_word' id='word_1_58' title='bbox 1217 1226 1392 1324; x_wconf 63' lang='lat' dir='ltr'>¹ii¹iiiniinii⁰</span> 
     </span>
     <span class='ocr_line' id='line_1_9' title="bbox 193 1370 1189 1457; baseline 0.003 -24"><span class='ocrx_word' id='word_1_59' title='bbox 193 1371 282 1454; x_wconf 93' lang='lat' dir='ltr'>quod</span> <span class='ocrx_word' id='word_1_60' title='bbox 314 1370 373 1434; x_wconf 89' lang='lat' dir='ltr'>ista</span> <span class='ocrx_word' id='word_1_61' title='bbox 400 1370 452 1434; x_wconf 87' lang='lat' dir='ltr'>via</span> <span class='ocrx_word' id='word_1_62' title='bbox 484 1373 578 1455; x_wconf 91' lang='lat' dir='ltr'>ponit</span> <span class='ocrx_word' id='word_1_63' title='bbox 606 1372 837 1456; x_wconf 88' lang='lat' dir='ltr'>inpossibiliter</span> <span class='ocrx_word' id='word_1_64' title='bbox 863 1393 979 1457; x_wconf 88' lang='lat' dir='ltr'>corpus</span> <span class='ocrx_word' id='word_1_65' title='bbox 1007 1374 1047 1436; x_wconf 93' lang='lat' dir='ltr'>de</span> <span class='ocrx_word' id='word_1_66' title='bbox 1072 1394 1189 1457; x_wconf 89' lang='lat' dir='ltr'>genere</span> 
     </span>
     <span class='ocr_line' id='line_1_10' title="bbox 192 1475 1190 1561; baseline 0.002 -23"><span class='ocrx_word' id='word_1_67' title='bbox 192 1475 390 1559; x_wconf 79' lang='lat' dir='ltr'>quantitatis,</span> <span class='ocrx_word' id='word_1_68' title='bbox 418 1476 502 1539; x_wconf 94' lang='lat' dir='ltr'>sicut</span> <span class='ocrx_word' id='word_1_69' title='bbox 529 1492 578 1541; x_wconf 86' lang='lat' dir='ltr'>est</span> <span class='ocrx_word' id='word_1_70' title='bbox 605 1497 728 1561; x_wconf 83' lang='lat' dir='ltr'>pronus</span> <span class='ocrx_word' id='word_1_71' title='bbox 755 1478 863 1541; x_wconf 85' lang='lat' dir='ltr'>colere</span> <span class='ocrx_word' id='word_1_72' title='bbox 893 1498 1010 1561; x_wconf 87' lang='lat' dir='ltr'>panem</span> <span class='ocrx_word' id='word_1_73' title='bbox 1038 1478 1130 1541; x_wconf 91' lang='lat' dir='ltr'>illum</span> <span class='ocrx_word' id='word_1_74' title='bbox 1154 1492 1190 1541; x_wconf 93' lang='lat' dir='ltr'>ut</span> 
     </span>
     <span class='ocr_line' id='line_1_11' title="bbox 154 1581 1189 1666; baseline -0.003 -18"><span class='ocrx_word' id='word_1_75' title='bbox 154 1601 312 1665; x_wconf 78' lang='lat' dir='ltr'>rocorpus</span> <span class='ocrx_word' id='word_1_76' title='bbox 345 1581 465 1645; x_wconf 89' lang='lat' dir='ltr'>Christi</span> <span class='ocrx_word' id='word_1_77' title='bbox 505 1584 597 1666; x_wconf 94' lang='lat' dir='ltr'>quod</span> <span class='ocrx_word' id='word_1_78' title='bbox 631 1584 713 1646; x_wconf 81' lang='lat' dir='ltr'>soret</span> <span class='ocrx_word' id='word_1_79' title='bbox 750 1604 788 1646; x_wconf 85' lang='lat' dir='ltr'>ex</span> <span class='ocrx_word' id='word_1_80' title='bbox 826 1584 940 1648; x_wconf 89' lang='lat' dir='ltr'>maiori</span> <span class='ocrx_word' id='word_1_81' title='bbox 979 1584 1189 1647; x_wconf 87' lang='lat' dir='ltr'>similitudine</span> 
     </span>
     <span class='ocr_line' id='line_1_12' title="bbox 193 1685 1189 1772; baseline 0.002 -24"><span class='ocrx_word' id='word_1_82' title='bbox 193 1685 300 1748; x_wconf 88' lang='lat' dir='ltr'>minus</span> <span class='ocrx_word' id='word_1_83' title='bbox 331 1685 562 1750; x_wconf 86' lang='lat' dir='ltr'>inconveniens</span> <span class='ocrx_word' id='word_1_84' title='bbox 593 1686 627 1750; x_wconf 93' lang='lat' dir='ltr'>in</span> <span class='ocrx_word' id='word_1_85' title='bbox 662 1702 783 1753; x_wconf 85' lang='lat' dir='ltr'>natura.</span> <span class='ocrx_word' id='word_1_86' title='bbox 819 1689 860 1751; x_wconf 84' lang='lat' dir='ltr'>Et</span> <span class='ocrx_word' id='word_1_87' title='bbox 882 1705 1024 1772; x_wconf 88' lang='lat' dir='ltr'>preterea</span> <span class='ocrx_word' id='word_1_88' title='bbox 1049 1707 1106 1771; x_wconf 88' lang='lat' dir='ltr'>per</span> <span class='ocrx_word' id='word_1_89' title='bbox 1128 1687 1189 1751; x_wconf 94' lang='lat' dir='ltr'>hoc</span> 
     </span>
     <span class='ocr_line' id='line_1_13' title="bbox 192 1791 1189 1876; baseline 0.001 -22"><span class='ocrx_word' id='word_1_90' title='bbox 192 1793 283 1874; x_wconf 92' lang='lat' dir='ltr'>quod</span> <span class='ocrx_word' id='word_1_91' title='bbox 321 1791 508 1856; x_wconf 87' lang='lat' dir='ltr'>nominatur</span> <span class='ocrx_word' id='word_1_92' title='bbox 547 1793 640 1876; x_wconf 84' lang='lat' dir='ltr'>panis</span> <span class='ocrx_word' id='word_1_93' title='bbox 679 1793 762 1856; x_wconf 81' lang='lat' dir='ltr'>foret</span> <span class='ocrx_word' id='word_1_94' title='bbox 803 1797 944 1876; x_wconf 94' lang='lat' dir='ltr'>populus</span> <span class='ocrx_word' id='word_1_95' title='bbox 982 1793 1115 1876; x_wconf 91' lang='lat' dir='ltr'>pronior</span> <span class='ocrx_word' id='word_1_96' title='bbox 1151 1813 1189 1855; x_wconf 84' lang='lat' dir='ltr'>ex</span> 
     </span>
     <span class='ocr_line' id='line_1_14' title="bbox 194 1896 1191 1983; baseline 0.002 -24"><span class='ocrx_word' id='word_1_97' title='bbox 194 1896 332 1959; x_wconf 90' lang='lat' dir='ltr'>naturali</span> <span class='ocrx_word' id='word_1_98' title='bbox 364 1896 495 1979; x_wconf 89' lang='lat' dir='ltr'>ingenio</span> <span class='ocrx_word' id='word_1_99' title='bbox 532 1899 573 1960; x_wconf 95' lang='lat' dir='ltr'>ad</span> <span class='ocrx_word' id='word_1_100' title='bbox 606 1899 871 1981; x_wconf 88' lang='lat' dir='ltr'>cognoscendum</span> <span class='ocrx_word' id='word_1_101' title='bbox 910 1900 998 1983; x_wconf 93' lang='lat' dir='ltr'>quod</span> <span class='ocrx_word' id='word_1_102' title='bbox 1036 1918 1103 1962; x_wconf 90' lang='lat' dir='ltr'>non</span> <span class='ocrx_word' id='word_1_103' title='bbox 1141 1911 1191 1961; x_wconf 85' lang='lat' dir='ltr'>est</span> 
     </span>
     <span class='ocr_line' id='line_1_15' title="bbox 194 2002 1190 2085; baseline 0 -19"><span class='ocrx_word' id='word_1_104' title='bbox 194 2023 312 2085; x_wconf 88' lang='lat' dir='ltr'>corpus</span> <span class='ocrx_word' id='word_1_105' title='bbox 329 2002 459 2067; x_wconf 87' lang='lat' dir='ltr'>Christi.</span> <span class='ocrx_word' id='word_1_106' title='bbox 484 2002 670 2067; x_wconf 82' lang='lat' dir='ltr'>Adversarii</span> <span class='ocrx_word' id='word_1_107' title='bbox 691 2003 777 2066; x_wconf 88' lang='lat' dir='ltr'>enim</span> <span class='ocrx_word' id='word_1_108' title='bbox 799 2003 970 2068; x_wconf 85' lang='lat' dir='ltr'>infideliter</span> <span class='ocrx_word' id='word_1_109' title='bbox 984 2005 1190 2067; x_wconf 88' lang='lat' dir='ltr'>abscondunt</span> 
     </span>
     <span class='ocr_line' id='line_1_16' title="bbox 154 2109 1188 2194; baseline 0 -23"><span class='ocrx_word' id='word_1_110' title='bbox 154 2110 369 2173; x_wconf 70' lang='lat' dir='ltr'>tsnaturalem</span> <span class='ocrx_word' id='word_1_111' title='bbox 399 2109 616 2192; x_wconf 83' lang='lat' dir='ltr'>quidditatcm</span> <span class='ocrx_word' id='word_1_112' title='bbox 644 2111 836 2174; x_wconf 87' lang='lat' dir='ltr'>sacramenti</span> <span class='ocrx_word' id='word_1_113' title='bbox 864 2109 908 2173; x_wconf 90' lang='lat' dir='ltr'>sic</span> <span class='ocrx_word' id='word_1_114' title='bbox 931 2110 1020 2194; x_wconf 92' lang='lat' dir='ltr'>quod</span> <span class='ocrx_word' id='word_1_115' title='bbox 1048 2109 1188 2192; x_wconf 87' lang='lat' dir='ltr'>populus</span> 
     </span>
     <span class='ocr_line' id='line_1_17' title="bbox 194 2213 1189 2298; baseline -0.002 -21"><span class='ocrx_word' id='word_1_116' title='bbox 194 2235 259 2278; x_wconf 92' lang='lat' dir='ltr'>non</span> <span class='ocrx_word' id='word_1_117' title='bbox 288 2214 453 2298; x_wconf 84' lang='lat' dir='ltr'>cognoscit</span> <span class='ocrx_word' id='word_1_118' title='bbox 481 2215 731 2278; x_wconf 88' lang='lat' dir='ltr'>distinccionem</span> <span class='ocrx_word' id='word_1_119' title='bbox 758 2216 826 2278; x_wconf 86' lang='lat' dir='ltr'>eius</span> <span class='ocrx_word' id='word_1_120' title='bbox 853 2237 872 2278; x_wconf 92' lang='lat' dir='ltr'>a</span> <span class='ocrx_word' id='word_1_121' title='bbox 899 2235 1033 2298; x_wconf 92' lang='lat' dir='ltr'>corpore</span> <span class='ocrx_word' id='word_1_122' title='bbox 1057 2213 1189 2293; x_wconf 87' lang='lat' dir='ltr'>Christi,</span> 
     </span>
     <span class='ocr_line' id='line_1_18' title="bbox 193 2321 1189 2405; baseline -0.001 -23"><span class='ocrx_word' id='word_1_123' title='bbox 193 2321 226 2383; x_wconf 90' lang='lat' dir='ltr'>in</span> <span class='ocrx_word' id='word_1_124' title='bbox 250 2335 376 2384; x_wconf 91' lang='lat' dir='ltr'>tantum</span> <span class='ocrx_word' id='word_1_125' title='bbox 393 2323 483 2405; x_wconf 94' lang='lat' dir='ltr'>quod</span> <span class='ocrx_word' id='word_1_126' title='bbox 507 2322 567 2384; x_wconf 86' lang='lat' dir='ltr'>ista</span> <span class='ocrx_word' id='word_1_127' title='bbox 583 2336 669 2385; x_wconf 85' lang='lat' dir='ltr'>secta</span> <span class='ocrx_word' id='word_1_128' title='bbox 687 2323 917 2384; x_wconf 86' lang='lat' dir='ltr'>verecundatur</span> <span class='ocrx_word' id='word_1_129' title='bbox 932 2323 1078 2405; x_wconf 88' lang='lat' dir='ltr'>detegere</span> <span class='ocrx_word' id='word_1_130' title='bbox 1094 2339 1189 2382; x_wconf 90' lang='lat' dir='ltr'>suam</span> 
     </span>
     <span class='ocr_line' id='line_1_19' title="bbox 193 2424 1188 2508; baseline -0.003 -19"><span class='ocrx_word' id='word_1_131' title='bbox 193 2424 353 2492; x_wconf 72' lang='lat' dir='ltr'>ficticium.</span> <span class='ocrx_word' id='word_1_132' title='bbox 395 2426 489 2491; x_wconf 89' lang='lat' dir='ltr'>Unde</span> <span class='ocrx_word' id='word_1_133' title='bbox 528 2427 777 2490; x_wconf 87' lang='lat' dir='ltr'>conveniencius</span> <span class='ocrx_word' id='word_1_134' title='bbox 816 2425 998 2490; x_wconf 78' lang='lat' dir='ltr'>fantasiaret</span> <span class='ocrx_word' id='word_1_135' title='bbox 1036 2425 1188 2508; x_wconf 89' lang='lat' dir='ltr'>ponendo</span> 
     </span>
     <span class='ocr_line' id='line_1_20' title="bbox 194 2530 1188 2619; baseline -0.003 -24"><span class='ocrx_word' id='word_1_136' title='bbox 194 2534 283 2619; x_wconf 91' lang='lat' dir='ltr'>quod</span> <span class='ocrx_word' id='word_1_137' title='bbox 306 2549 545 2595; x_wconf 87' lang='lat' dir='ltr'>sacramentum</span> <span class='ocrx_word' id='word_1_138' title='bbox 570 2553 634 2595; x_wconf 91' lang='lat' dir='ltr'>non</span> <span class='ocrx_word' id='word_1_139' title='bbox 659 2547 707 2596; x_wconf 91' lang='lat' dir='ltr'>est</span> <span class='ocrx_word' id='word_1_140' title='bbox 723 2533 783 2596; x_wconf 89' lang='lat' dir='ltr'>nisi</span> <span class='ocrx_word' id='word_1_141' title='bbox 804 2532 924 2616; x_wconf 88' lang='lat' dir='ltr'>species</span> <span class='ocrx_word' id='word_1_142' title='bbox 938 2533 989 2593; x_wconf 89' lang='lat' dir='ltr'>vel</span> <span class='ocrx_word' id='word_1_143' title='bbox 1009 2530 1188 2593; x_wconf 90' lang='lat' dir='ltr'>similitudo</span> 
     </span>
     <span class='ocr_line' id='line_1_21' title="bbox 151 2636 1188 2722; baseline 0.001 -26"><span class='ocrx_word' id='word_1_144' title='bbox 151 2639 235 2700; x_wconf 70' lang='lat' dir='ltr'>norei</span> <span class='ocrx_word' id='word_1_145' title='bbox 264 2640 368 2722; x_wconf 90' lang='lat' dir='ltr'>qualis</span> <span class='ocrx_word' id='word_1_146' title='bbox 394 2653 444 2701; x_wconf 86' lang='lat' dir='ltr'>est</span> <span class='ocrx_word' id='word_1_147' title='bbox 472 2637 503 2699; x_wconf 90' lang='lat' dir='ltr'>in</span> <span class='ocrx_word' id='word_1_148' title='bbox 533 2638 667 2721; x_wconf 89' lang='lat' dir='ltr'>speculo</span> <span class='ocrx_word' id='word_1_149' title='bbox 695 2638 745 2700; x_wconf 86' lang='lat' dir='ltr'>vel</span> <span class='ocrx_word' id='word_1_150' title='bbox 772 2639 881 2700; x_wconf 87' lang='lat' dir='ltr'>medio</span> <span class='ocrx_word' id='word_1_151' title='bbox 909 2657 1005 2721; x_wconf 91' lang='lat' dir='ltr'>quam</span> <span class='ocrx_word' id='word_1_152' title='bbox 1034 2636 1188 2719; x_wconf 90' lang='lat' dir='ltr'>ponendo</span> 
     </span>
     <span class='ocr_line' id='line_1_22' title="bbox 194 2742 1187 2827; baseline -0.002 -21"><span class='ocrx_word' id='word_1_153' title='bbox 194 2763 293 2807; x_wconf 87' lang='lat' dir='ltr'>unam</span> <span class='ocrx_word' id='word_1_154' title='bbox 308 2744 405 2806; x_wconf 91' lang='lat' dir='ltr'>talem</span> <span class='ocrx_word' id='word_1_155' title='bbox 422 2764 488 2806; x_wconf 90' lang='lat' dir='ltr'>rem</span> <span class='ocrx_word' id='word_1_156' title='bbox 507 2743 681 2806; x_wconf 88' lang='lat' dir='ltr'>insolidam</span> <span class='ocrx_word' id='word_1_157' title='bbox 700 2758 735 2806; x_wconf 92' lang='lat' dir='ltr'>ut</span> <span class='ocrx_word' id='word_1_158' title='bbox 751 2743 842 2827; x_wconf 91' lang='lat' dir='ltr'>panis</span> <span class='ocrx_word' id='word_1_159' title='bbox 858 2742 925 2805; x_wconf 88' lang='lat' dir='ltr'>sine</span> <span class='ocrx_word' id='word_1_160' title='bbox 941 2743 1096 2821; x_wconf 86' lang='lat' dir='ltr'>subiecto,</span> <span class='ocrx_word' id='word_1_161' title='bbox 1114 2761 1187 2805; x_wconf 93' lang='lat' dir='ltr'>cum</span> 
     </span>
     <span class='ocr_line' id='line_1_23' title="bbox 195 2847 1188 2933; baseline -0.005 -20"><span class='ocrx_word' id='word_1_162' title='bbox 195 2871 330 2932; x_wconf 88' lang='lat' dir='ltr'>magnus</span> <span class='ocrx_word' id='word_1_163' title='bbox 357 2851 473 2913; x_wconf 93' lang='lat' dir='ltr'>doctor</span> <span class='ocrx_word' id='word_1_164' title='bbox 495 2849 699 2933; x_wconf 79' lang='lat' dir='ltr'>Augustinus</span> <span class='ocrx_word' id='word_1_165' title='bbox 728 2848 822 2932; x_wconf 91' lang='lat' dir='ltr'>ponit</span> <span class='ocrx_word' id='word_1_166' title='bbox 849 2848 1069 2932; x_wconf 88' lang='lat' dir='ltr'>philosophice</span> <span class='ocrx_word' id='word_1_167' title='bbox 1098 2847 1188 2931; x_wconf 91' lang='lat' dir='ltr'>quod</span> 
     </span>
     <span class='ocr_line' id='line_1_24' title="bbox 193 2953 1188 3038; baseline -0.003 -21"><span class='ocrx_word' id='word_1_168' title='bbox 193 2956 245 3018; x_wconf 91' lang='lat' dir='ltr'>illa</span> <span class='ocrx_word' id='word_1_169' title='bbox 256 2971 345 3018; x_wconf 87' lang='lat' dir='ltr'>terna</span> <span class='ocrx_word' id='word_1_170' title='bbox 358 2956 518 3020; x_wconf 89' lang='lat' dir='ltr'>dimensio</span> <span class='ocrx_word' id='word_1_171' title='bbox 532 2975 599 3017; x_wconf 89' lang='lat' dir='ltr'>non</span> <span class='ocrx_word' id='word_1_172' title='bbox 612 2969 800 3038; x_wconf 88' lang='lat' dir='ltr'>potestesse</span> <span class='ocrx_word' id='word_1_173' title='bbox 814 2955 882 3016; x_wconf 90' lang='lat' dir='ltr'>sine</span> <span class='ocrx_word' id='word_1_174' title='bbox 895 2953 1047 3016; x_wconf 86' lang='lat' dir='ltr'>subiecto.</span> <span class='ocrx_word' id='word_1_175' title='bbox 1066 2954 1112 3016; x_wconf 86' lang='lat' dir='ltr'>Ex</span> <span class='ocrx_word' id='word_1_176' title='bbox 1130 2953 1188 3015; x_wconf 87' lang='lat' dir='ltr'>ista</span> 
     </span>
     <span class='ocr_line' id='line_1_25' title="bbox 193 3058 1187 3142; baseline -0.003 -20"><span class='ocrx_word' id='word_1_177' title='bbox 193 3061 354 3124; x_wconf 85' lang='lat' dir='ltr'>sentencia</span> <span class='ocrx_word' id='word_1_178' title='bbox 370 3059 542 3124; x_wconf 79' lang='lat' dir='ltr'>efficaciter</span> <span class='ocrx_word' id='word_1_179' title='bbox 559 3062 726 3124; x_wconf 90' lang='lat' dir='ltr'>tolleretur</span> <span class='ocrx_word' id='word_1_180' title='bbox 743 3058 839 3122; x_wconf 88' lang='lat' dir='ltr'>lalsus</span> <span class='ocrx_word' id='word_1_181' title='bbox 856 3061 959 3123; x_wconf 90' lang='lat' dir='ltr'>cultus</span> <span class='ocrx_word' id='word_1_182' title='bbox 974 3058 1187 3142; x_wconf 88' lang='lat' dir='ltr'>ydolatrandi,</span> 
     </span>
     <span class='ocr_line' id='line_1_26' title="bbox 151 3163 1187 3249; baseline -0.004 -20"><span class='ocrx_word' id='word_1_183' title='bbox 151 3171 259 3249; x_wconf 82' lang='lat' dir='ltr'>25quo</span> <span class='ocrx_word' id='word_1_184' title='bbox 287 3167 417 3249; x_wconf 83' lang='lat' dir='ltr'>signum</span> <span class='ocrx_word' id='word_1_185' title='bbox 445 3169 495 3228; x_wconf 84' lang='lat' dir='ltr'>vel</span> <span class='ocrx_word' id='word_1_186' title='bbox 523 3186 642 3248; x_wconf 84' lang='lat' dir='ltr'>ymago</span> <span class='ocrx_word' id='word_1_187' title='bbox 670 3166 721 3228; x_wconf 87' lang='lat' dir='ltr'>vel</span> <span class='ocrx_word' id='word_1_188' title='bbox 749 3164 895 3227; x_wconf 88' lang='lat' dir='ltr'>accidens</span> <span class='ocrx_word' id='word_1_189' title='bbox 922 3164 1013 3246; x_wconf 90' lang='lat' dir='ltr'>peius</span> <span class='ocrx_word' id='word_1_190' title='bbox 1040 3163 1187 3246; x_wconf 85' lang='lat' dir='ltr'>ymagine</span> 
     </span>
     <span class='ocr_line' id='line_1_27' title="bbox 192 3269 1187 3356; baseline -0.001 -22"><span class='ocrx_word' id='word_1_191' title='bbox 192 3274 309 3336; x_wconf 90' lang='lat' dir='ltr'>colitur</span> <span class='ocrx_word' id='word_1_192' title='bbox 339 3287 507 3356; x_wconf 86' lang='lat' dir='ltr'>tamquam</span> <span class='ocrx_word' id='word_1_193' title='bbox 537 3273 640 3354; x_wconf 70' lang='lat' dir='ltr'>Deus,</span> <span class='ocrx_word' id='word_1_194' title='bbox 672 3270 728 3334; x_wconf 87' lang='lat' dir='ltr'>se&#39;d</span> <span class='ocrx_word' id='word_1_195' title='bbox 761 3272 878 3333; x_wconf 87' lang='lat' dir='ltr'>donate</span> <span class='ocrx_word' id='word_1_196' title='bbox 907 3270 1000 3333; x_wconf 91' lang='lat' dir='ltr'>istam</span> <span class='ocrx_word' id='word_1_197' title='bbox 1027 3269 1187 3333; x_wconf 86' lang='lat' dir='ltr'>iniuriam.</span> 
     </span>
     <span class='ocr_line' id='line_1_28' title="bbox 237 3374 1382 3458; baseline -0.006 -17"><span class='ocrx_word' id='word_1_198' title='bbox 237 3379 406 3455; x_wconf 87' lang='lat' dir='ltr'>Quantum</span> <span class='ocrx_word' id='word_1_199' title='bbox 431 3379 471 3439; x_wconf 92' lang='lat' dir='ltr'>ad</span> <span class='ocrx_word' id='word_1_200' title='bbox 495 3377 678 3440; x_wconf 88' lang='lat' dir='ltr'>secundum</span> <span class='ocrx_word' id='word_1_201' title='bbox 702 3376 864 3439; x_wconf 89' lang='lat' dir='ltr'>obiectum</span> <span class='ocrx_word' id='word_1_202' title='bbox 886 3396 952 3458; x_wconf 93' lang='lat' dir='ltr'>quo</span> <span class='ocrx_word' id='word_1_203' title='bbox 968 3374 1084 3437; x_wconf 90' lang='lat' dir='ltr'>dicitur</span> <span class='ocrx_word' id='word_1_204' title='bbox 1099 3375 1187 3458; x_wconf 92' lang='lat' dir='ltr'>quod</span> <span class='ocrx_word' id='word_1_205' title='bbox 1223 3400 1244 3433; x_wconf 68' lang='grc' dir='ltr'>ι.</span> <span class='ocrx_word' id='word_1_206' title='bbox 1260 3388 1330 3433; x_wconf 71' lang='lat' dir='ltr'>trun</span> <span class='ocrx_word' id='word_1_207' title='bbox 1347 3403 1382 3434; x_wconf 69' lang='lat' dir='ltr'>we</span> 
     </span>
    </p>
   </div>
   <div class='ocr_carea' id='block_1_6' title="bbox 1211 3444 1392 3497">
    <p class='ocr_par' dir='ltr' id='par_1_6' title="bbox 1211 3444 1392 3497">
     <span class='ocr_line' id='line_1_29' title="bbox 1211 3444 1392 3497; baseline 0.017 -12"><span class='ocrx_word' id='word_1_208' title='bbox 1211 3454 1267 3497; x_wconf 79' lang='lat' dir='ltr'>urge</span> <span class='ocrx_word' id='word_1_209' title='bbox 1280 3444 1337 3486; x_wconf 85' lang='lat' dir='ltr'>does</span> <span class='ocrx_word' id='word_1_210' title='bbox 1352 3453 1392 3488; x_wconf 86' lang='lat' dir='ltr'>not</span> 
     </span>
    </p>
   </div>
   <div class='ocr_carea' id='block_1_7' title="bbox 193 3479 1364 3592">
    <p class='ocr_par' dir='ltr' id='par_1_7' title="bbox 193 3479 1364 3592">
     <span class='ocr_line' id='line_1_30' title="bbox 193 3479 1364 3592; baseline -0.005 -46"><span class='ocrx_word' id='word_1_211' title='bbox 193 3485 355 3547; x_wconf 92' lang='lat' dir='ltr'>tolleretur</span> <span class='ocrx_word' id='word_1_212' title='bbox 377 3483 576 3564; x_wconf 83' lang='lat' dir='ltr'>significacio</span> <span class='ocrx_word' id='word_1_213' title='bbox 600 3482 790 3546; x_wconf 85' lang='lat' dir='ltr'>sacramenti</span> <span class='ocrx_word' id='word_1_214' title='bbox 814 3482 962 3565; x_wconf 87' lang='lat' dir='ltr'>eoquod</span> <span class='ocrx_word' id='word_1_215' title='bbox 986 3479 1186 3563; x_wconf 90' lang='lat' dir='ltr'>speciesque</span> <span class='ocrx_word' id='word_1_216' title='bbox 1241 3497 1364 3592; x_wconf 45' lang='lat' dir='ltr'>gangadrrpw</span> 
     </span>
    </p>
   </div>
   <div class='ocr_carea' id='block_1_8' title="bbox 192 3584 1399 3697">
    <p class='ocr_par' dir='ltr' id='par_1_8' title="bbox 192 3584 1399 3697">
     <span class='ocr_line' id='line_1_31' title="bbox 192 3584 1399 3697; baseline -0.006 -46"><span class='ocrx_word' id='word_1_217' title='bbox 192 3590 378 3653; x_wconf 88' lang='lat' dir='ltr'>inducerent</span> <span class='ocrx_word' id='word_1_218' title='bbox 395 3591 427 3651; x_wconf 91' lang='lat' dir='ltr'>in</span> <span class='ocrx_word' id='word_1_219' title='bbox 450 3589 655 3652; x_wconf 89' lang='lat' dir='ltr'>noscenciam</span> <span class='ocrx_word' id='word_1_220' title='bbox 674 3588 738 3650; x_wconf 84' lang='lat' dir='ltr'>veri</span> <span class='ocrx_word' id='word_1_221' title='bbox 763 3588 904 3670; x_wconf 88' lang='lat' dir='ltr'>corporis</span> <span class='ocrx_word' id='word_1_222' title='bbox 922 3586 1040 3651; x_wconf 89' lang='lat' dir='ltr'>Christi</span> <span class='ocrx_word' id='word_1_223' title='bbox 1064 3584 1186 3668; x_wconf 79' lang='lat' dir='ltr'>signifi·</span> <span class='ocrx_word' id='word_1_224' title='bbox 1202 3601 1399 3697; x_wconf 45' lang='lat' dir='ltr'>gppprlropldnpffl</span> 
     </span>
    </p>
   </div>
   <div class='ocr_carea' id='block_1_9' title="bbox 150 3690 1359 3885">
    <p class='ocr_par' dir='ltr' id='par_1_9' title="bbox 150 3690 1359 3885">
     <span class='ocr_line' id='line_1_32' title="bbox 150 3690 1359 3777; baseline -0.007 -19"><span class='ocrx_word' id='word_1_225' title='bbox 150 3698 298 3759; x_wconf 87' lang='lat' dir='ltr'>30carent</span> <span class='ocrx_word' id='word_1_226' title='bbox 323 3696 424 3777; x_wconf 88' lang='lat' dir='ltr'>magis</span> <span class='ocrx_word' id='word_1_227' title='bbox 449 3695 681 3775; x_wconf 89' lang='lat' dir='ltr'>substanciam;</span> <span class='ocrx_word' id='word_1_228' title='bbox 714 3707 851 3777; x_wconf 89' lang='lat' dir='ltr'>oportet,</span> <span class='ocrx_word' id='word_1_229' title='bbox 884 3692 1027 3776; x_wconf 89' lang='lat' dir='ltr'>inquam,</span> <span class='ocrx_word' id='word_1_230' title='bbox 1056 3690 1184 3755; x_wconf 88' lang='lat' dir='ltr'>fidelem</span> <span class='ocrx_word' id='word_1_231' title='bbox 1241 3719 1359 3760; x_wconf 70' lang='lat' dir='ltr'>presence,</span> 
     </span>
     <span class='ocr_line' id='line_1_33' title="bbox 192 3799 1186 3885; baseline -0.002 -23"><span class='ocrx_word' id='word_1_232' title='bbox 192 3803 321 3885; x_wconf 89' lang='lat' dir='ltr'>loycum</span> <span class='ocrx_word' id='word_1_233' title='bbox 351 3821 546 3882; x_wconf 87' lang='lat' dir='ltr'>cognoscere</span> <span class='ocrx_word' id='word_1_234' title='bbox 575 3800 720 3862; x_wconf 89' lang='lat' dir='ltr'>delectus</span> <span class='ocrx_word' id='word_1_235' title='bbox 749 3800 819 3861; x_wconf 89' lang='lat' dir='ltr'>talis</span> <span class='ocrx_word' id='word_1_236' title='bbox 843 3799 980 3881; x_wconf 86' lang='lat' dir='ltr'>argucie,</span> <span class='ocrx_word' id='word_1_237' title='bbox 1005 3819 1080 3860; x_wconf 90' lang='lat' dir='ltr'>nam</span> <span class='ocrx_word' id='word_1_238' title='bbox 1104 3799 1186 3861; x_wconf 87' lang='lat' dir='ltr'>sicut</span> 
     </span>
    </p>
   </div>
   <div class='ocr_carea' id='block_1_10' title="bbox 193 3903 1185 4025">
    <p class='ocr_par' dir='ltr' id='par_1_10' title="bbox 193 3903 1185 4025">
     <span class='ocr_line' id='line_1_34' title="bbox 193 3903 1185 4025; baseline -0.005 -56"><span class='ocrx_word' id='word_1_239' title='bbox 193 3907 417 3989; x_wconf 89' lang='lat' dir='ltr'>philosophice</span> <span class='ocrx_word' id='word_1_240' title='bbox 450 3907 526 3968; x_wconf 90' lang='lat' dir='ltr'>dicit</span> <span class='ocrx_word' id='word_1_241' title='bbox 559 3921 690 4025; x_wconf 65' lang='lat' dir='ltr'>sanctus</span> <span class='ocrx_word' id='word_1_242' title='bbox 719 3905 866 3967; x_wconf 87' lang='lat' dir='ltr'>Thomas</span> <span class='ocrx_word' id='word_1_243' title='bbox 905 3904 962 3965; x_wconf 84' lang='lat' dir='ltr'>illa</span> <span class='ocrx_word' id='word_1_244' title='bbox 1001 3903 1185 3966; x_wconf 84' lang='lat' dir='ltr'>accidencia</span> 
     </span>
    </p>
   </div>
   <div class='ocr_carea' id='block_1_11' title="bbox 191 4109 1185 4382">
    <p class='ocr_par' dir='ltr' id='par_1_11' title="bbox 191 4109 1185 4382">
     <span class='ocr_line' id='line_1_35' title="bbox 244 4109 1184 4165; baseline -0.006 -6"><span class='ocrx_word' id='word_1_245' title='bbox 244 4128 270 4159; x_wconf 91' lang='grc' dir='ltr'>ιι.</span> <span class='ocrx_word' id='word_1_246' title='bbox 286 4115 360 4159; x_wconf 75' lang='lat' dir='ltr'>ABC:</span> <span class='ocrx_word' id='word_1_247' title='bbox 375 4114 521 4159; x_wconf 77' lang='lat' dir='ltr'>conveniens.</span> <span class='ocrx_word' id='word_1_248' title='bbox 564 4125 597 4164; x_wconf 80' lang='lat'>¹4·</span> <span class='ocrx_word' id='word_1_249' title='bbox 610 4111 685 4156; x_wconf 80' lang='lat' dir='ltr'>ABC:</span> <span class='ocrx_word' id='word_1_250' title='bbox 702 4112 794 4155; x_wconf 77' lang='lat' dir='ltr'>Chrr&#39;rtr&#39;</span> <span class='ocrx_word' id='word_1_251' title='bbox 805 4113 879 4156; x_wconf 85' lang='lat' dir='ltr'>deest.</span> <span class='ocrx_word' id='word_1_252' title='bbox 922 4111 951 4155; x_wconf 79' lang='lat'>18.</span> <span class='ocrx_word' id='word_1_253' title='bbox 968 4111 998 4154; x_wconf 84' lang='lat' dir='ltr'>E:</span> <span class='ocrx_word' id='word_1_254' title='bbox 1013 4109 1184 4165; x_wconf 80' lang='lat' dir='ltr'>confusionem.</span> 
     </span>
     <span class='ocr_line' id='line_1_36' title="bbox 192 4180 1184 4240; baseline -0.007 -12"><span class='ocrx_word' id='word_1_255' title='bbox 192 4187 223 4232; x_wconf 76' lang='lat' dir='ltr'>rs.</span> <span class='ocrx_word' id='word_1_256' title='bbox 246 4197 277 4240; x_wconf 85' lang='lat'>¹9·</span> <span class='ocrx_word' id='word_1_257' title='bbox 304 4186 333 4229; x_wconf 83' lang='lat' dir='ltr'>E:</span> <span class='ocrx_word' id='word_1_258' title='bbox 355 4185 467 4240; x_wconf 79' lang='lat' dir='ltr'>ponendo</span> <span class='ocrx_word' id='word_1_259' title='bbox 489 4188 661 4226; x_wconf 78' lang='lat' dir='ltr'>sacramentam</span> <span class='ocrx_word' id='word_1_260' title='bbox 684 4195 734 4226; x_wconf 83' lang='lat' dir='ltr'>esse</span> <span class='ocrx_word' id='word_1_261' title='bbox 757 4183 806 4226; x_wconf 87' lang='lat' dir='ltr'>m&#39;sr&#39;</span> <span class='ocrx_word' id='word_1_262' title='bbox 826 4183 926 4238; x_wconf 77' lang='lat' dir='ltr'>speciem</span> <span class='ocrx_word' id='word_1_263' title='bbox 947 4183 983 4225; x_wconf 76' lang='grc' dir='ltr'>ιϊι</span> <span class='ocrx_word' id='word_1_264' title='bbox 1002 4180 1184 4224; x_wconf 80' lang='lat' dir='ltr'>rr&#39;rnr&#39;tr&#39;tadr&#39;rrem.</span> 
     </span>
     <span class='ocr_line' id='line_1_37' title="bbox 191 4252 1185 4311; baseline -0.006 -12"><span class='ocrx_word' id='word_1_265' title='bbox 191 4268 226 4299; x_wconf 87' lang='lat'>20.</span> <span class='ocrx_word' id='word_1_266' title='bbox 242 4255 273 4299; x_wconf 88' lang='lat' dir='ltr'>C:</span> <span class='ocrx_word' id='word_1_267' title='bbox 294 4257 330 4299; x_wconf 82' lang='lat' dir='ltr'>rei</span> <span class='ocrx_word' id='word_1_268' title='bbox 344 4257 366 4299; x_wconf 88' lang='lat' dir='ltr'>iu</span> <span class='ocrx_word' id='word_1_269' title='bbox 382 4267 456 4311; x_wconf 81' lang='lat' dir='ltr'>marg.</span> <span class='ocrx_word' id='word_1_270' title='bbox 472 4255 516 4297; x_wconf 83' lang='lat' dir='ltr'>alia</span> <span class='ocrx_word' id='word_1_271' title='bbox 533 4266 612 4297; x_wconf 82' lang='lat' dir='ltr'>manu.</span> <span class='ocrx_word' id='word_1_272' title='bbox 698 4265 728 4297; x_wconf 75' lang='lat' dir='ltr'>ar.</span> <span class='ocrx_word' id='word_1_273' title='bbox 744 4252 775 4296; x_wconf 84' lang='lat' dir='ltr'>E:</span> <span class='ocrx_word' id='word_1_274' title='bbox 795 4254 920 4296; x_wconf 78' lang='lat' dir='ltr'>insolitam.</span> <span class='ocrx_word' id='word_1_275' title='bbox 1004 4255 1038 4295; x_wconf 80' lang='lat'>28.</span> <span class='ocrx_word' id='word_1_276' title='bbox 1055 4252 1088 4294; x_wconf 87' lang='lat' dir='ltr'>D:</span> <span class='ocrx_word' id='word_1_277' title='bbox 1107 4253 1185 4307; x_wconf 79' lang='lat' dir='ltr'>riguo.</span> 
     </span>
     <span class='ocr_line' id='line_1_38' title="bbox 191 4326 520 4382; baseline -0.009 -12"><span class='ocrx_word' id='word_1_278' title='bbox 191 4339 225 4382; x_wconf 71' lang='grc' dir='ltr'>ις).</span> <span class='ocrx_word' id='word_1_279' title='bbox 242 4326 331 4370; x_wconf 88' lang='lat' dir='ltr'>Codd.:</span> <span class='ocrx_word' id='word_1_280' title='bbox 350 4326 520 4369; x_wconf 77' lang='lat' dir='ltr'>innocencium.</span> 
     </span>
    </p>
   </div>
   <div class='ocr_carea' id='block_1_12' title="bbox 244 4437 554 4503">
    <p class='ocr_par' dir='ltr' id='par_1_12' title="bbox 244 4437 554 4503">
     <span class='ocr_line' id='line_1_39' title="bbox 244 4437 554 4503; baseline -0.003 -17"><span class='ocrx_word' id='word_1_281' title='bbox 244 4453 285 4503; x_wconf 85' lang='lat'>²7·</span> <span class='ocrx_word' id='word_1_282' title='bbox 304 4437 344 4487; x_wconf 76' lang='lat' dir='ltr'>(Il.</span> <span class='ocrx_word' id='word_1_283' title='bbox 364 4452 423 4503; x_wconf 85' lang='lat' dir='ltr'>pag.</span> <span class='ocrx_word' id='word_1_284' title='bbox 442 4438 554 4502; x_wconf 78' lang='lat'>137,17.</span> 
     </span>
    </p>
   </div>
   <div class='ocr_carea' id='block_1_13' title="bbox 0 0 1528 4920">
    <p class='ocr_par' dir='ltr' id='par_1_13' title="bbox 0 0 1528 4920">
     <span class='ocr_line' id='line_1_40' title="bbox 0 0 1528 4920; baseline 0 2"><span class='ocrx_word' id='word_1_285' title='bbox 0 0 1528 4920; x_wconf 95' lang='lat' dir='ltr'> </span> 
     </span>
    </p>
   </div>
  </div>
 </body>
</html>
