3046 4920
106 443 146 484 ²0
658 446 827 499 rotmarus
844 446 986 499 wvctrr
1199 426 1315 517 [cans

105 611 314 709 oggnsfggffegcffn
325 600 434 666 subito
467 616 556 666 totus
587 622 694 667 sanus.
735 604 775 667 Et
806 619 980 689 postquam
1011 615 1158 667 narrator
1190 602 1250 667 iste
1277 622 1316 666 ex

114 716 203 771 privare
219 716 248 772 bs·
263 718 301 760 me
324 707 511 770 narracione
543 719 576 770 et
605 708 719 790 populi
757 708 935 771 devocione
973 706 1034 770 fuit
1065 706 1106 770 ad
1138 718 1263 789 partem
1298 725 1317 767 a

153 776 267 812 ''mm‘'
324 811 465 894 quodam
494 809 642 875 familiari
670 809 758 873 socio
787 812 1042 889 commendatus,
1075 808 1242 875 confessus
1269 822 1318 873 est

324 914 530 978 mendacium
545 913 609 977 boc
625 926 732 997 turpe:
753 912 919 999 Osfinxil,
935 914 1052 1000 inquit,
1066 914 1127 977 hoc
1136 914 1314 999 pulchrum

325 1018 544 1082 mendacium.
577 1016 642 1081 Sed
666 1031 736 1081 esto
758 1018 846 1103 quod
868 1016 948 1083 liant
970 1019 1125 1083 miracula
1149 1016 1233 1081 circa
1255 1016 1344 1081 ho·5

326 1122 420 1185 stiam
445 1134 664 1185 consecratam
688 1118 741 1206 (ut
762 1134 872 1185 narrat
894 1123 1006 1185 beatus
1030 1119 1232 1207 Gregorius),
1259 1121 1315 1183 ad·

325 1226 387 1289 huc
404 1226 488 1290 foret
512 1224 609 1287 nimis
631 1238 818 1289 extraneum
843 1226 986 1289 noscenti
1011 1224 1261 1310 consequenciss
1277 1244 1316 1287 ex

325 1328 392 1393 istis
415 1328 532 1392 inferte
554 1329 645 1414 quod
669 1349 787 1413 corpus
810 1328 940 1393 Domini
965 1328 1006 1393 sit
1030 1328 1086 1393 illa
1107 1329 1214 1393 hostia
1237 1347 1316 1392 con·

325 1449 455 1497 serrata.
491 1432 788 1517 correspondenter
819 1433 893 1499 dico
924 1435 1024 1519 quod,
1055 1434 1082 1497 si
1113 1432 1318 1516 sompniator

328 1538 385 1602 iste
409 1537 535 1602 noverit
556 1536 654 1601 iidem
678 1537 793 1603 infirmi
818 1538 975 1603 credentis
997 1539 1087 1624 quod
1104 1536 1204 1602 sentit
1218 1536 1318 1601 modo
1332 1566 1366 1601 ιο

327 1641 414 1706 dicto
446 1662 566 1726 corpus
598 1642 798 1708 dominicum
830 1646 918 1729 quod
953 1664 1018 1708 non
1051 1656 1162 1727 potest
1193 1643 1235 1706 ab
1266 1660 1320 1703 ex·

327 1748 505 1832 perimento
529 1749 580 1811 vel
603 1749 756 1833 scriptura
779 1750 978 1829 convincere,
1002 1748 1109 1812 adhuc
1130 1747 1205 1812 dico
1227 1746 1318 1831 quod

328 1853 389 1916 iste
411 1853 546 1917 credens
569 1872 635 1917 non
659 1867 736 1917 tunc
759 1854 809 1918 vel
830 1867 1000 1938 propterea
1024 1852 1085 1917 luit
1103 1866 1235 1916 sanctus
1251 1851 1318 1931 sed,

327 1957 411 2020 sicut
433 1970 508 2020 sunt
532 1956 630 2021 nimis
653 1958 757 2033 multi,
780 1956 840 2021 luit
861 1978 900 2021 ex
922 1959 1011 2022 cultu
1034 1958 1203 2041 signorum
1226 1955 1320 2020 Auti-

328 2059 438 2125 christi
453 2061 601 2145 ydolatra
624 2061 821 2127 manifestus.
844 2062 966 2126 Revera
982 2061 1028 2125 sic
1043 2074 1152 2147 posset
1167 2081 1205 2124 ex
1220 2058 1320 2143 signis
1334 2072 1364 2125 15

329 2165 436 2229 seduci
466 2166 608 2248 populus
637 2167 726 2249 quod
753 2169 869 2230 coleret
897 2168 998 2250 talpas
1021 2182 1053 2229 et
1077 2166 1321 2249 vespertiliones

331 2285 363 2333 et
385 2284 546 2334 creaturas
569 2272 674 2353 magis
696 2270 951 2335 abhominabiles
975 2287 1131 2356 tanquam
1154 2271 1271 2334 Deum.

144 2388 289 2436 noornon
375 2375 543 2451 Quantum
571 2375 611 2438 ad
639 2375 782 2460 quinque
809 2376 1011 2439 sensaciones
1044 2374 1204 2459 predictas
1232 2386 1322 2457 patet

113 2444 317 2557 s‘lilllllll'ii
331 2479 421 2562 quod
445 2478 665 2542 moderniores
681 2480 826 2544 doctores
850 2494 968 2565 negant
990 2481 1052 2544 hoc
1075 2480 1115 2542 de
1138 2479 1221 2559 risu,
1245 2478 1321 2562 quia

113 2565 166 2595 scen
177 2551 200 2595 in
210 2550 249 2594 the
259 2549 321 2593 host.
408 2582 415 2596 .
489 2583 495 2595 .
620 2583 627 2597 .
673 2583 681 2597 .
746 2585 751 2596 .
1075 2584 1111 2599 ..

332 2584 383 2668 (ut
407 2582 572 2668 inquiunt)
596 2584 695 2647 nrchrl
722 2586 847 2649 videtur
868 2586 908 2646 ab
931 2586 1028 2647 oculo
1052 2605 1112 2647 nrsr
1140 2584 1321 2647 secundum
1333 2611 1366 2647 20

332 2688 469 2751 formam
500 2688 650 2772 trianguli
684 2690 774 2753 cuius
802 2710 902 2753 conus
931 2705 978 2753 est
1005 2690 1039 2751 in
1062 2689 1159 2752 oculo
1183 2703 1214 2753 et
1238 2687 1322 2752 basis

332 2794 363 2855 in
392 2793 464 2877 ipso
492 2793 627 2872 visibiti3
660 2794 716 2856 sed
740 2815 856 2878 corpus
880 2794 1013 2858 Domini
1041 2815 1115 2858 cum
1143 2797 1185 2857 sit
1212 2793 1322 2857 multi·

333 2898 487 2981 plicatum
514 2899 554 2960 ad
583 2919 713 2961 omnem
742 2913 898 2982 punctum
926 2900 1041 2979 hostie,
1074 2920 1140 2963 non
1174 2898 1324 2963 terminat

334 3003 429 3066 talem
465 3005 585 3083 basem,
623 3002 696 3066 ideo
727 3005 906 3068 secundum
939 3024 1010 3067 vera
1046 3005 1322 3088 perspectivorum

333 3107 488 3191 principia
512 3129 577 3171 non
602 3109 647 3171 sic
670 3109 794 3173 videtur
820 3110 915 3173 oculo
940 3109 1111 3194 corporali,
1140 3109 1172 3172 in
1196 3120 1369 3172 tantum25

333 3216 421 3298 quod
456 3215 556 3278 sancti
591 3229 700 3278 tenent
729 3234 785 3277 nec
812 3216 942 3278 oculum
977 3215 1122 3298 corporis
1154 3212 1324 3297 glorificati

335 3340 391 3382 nec
425 3320 528 3383 eciam
562 3321 697 3382 oculum
730 3319 846 3383 Christi
882 3340 975 3403 posse
1013 3319 1181 3383 carnaliter
1217 3320 1324 3383 videre

333 3445 450 3508 corpus
480 3424 598 3488 Christi
628 3425 678 3487 vel
706 3426 895 3507 sanguinem
927 3424 959 3487 in
993 3425 1096 3488 hostia
1129 3438 1323 3489 consecrata.

387 3731 403 3762 t.
417 3717 449 3763 E:
468 3723 531 3762 totas
545 3718 618 3763 deest.
716 3733 739 3771 4.
755 3718 786 3763 ll:
805 3719 866 3763 illud
874 3719 1006 3775 pulchram.
1106 3720 1128 3764 8.
1143 3718 1218 3765 ABG:
1238 3720 1270 3764 sit
1283 3720 1324 3764 ita.

335 3801 367 3833 to.
382 3787 412 3832 E:
428 3789 500 3832 norit.
556 3789 629 3833 mli:
648 3789 711 3833 dico.
765 3788 840 3833 ra.E:
860 3789 898 3833 rel
910 3800 946 3832 ex.
1002 3801 1034 3842 ra.
1050 3789 1147 3835 ABCE:
1166 3791 1237 3834 nimis
1250 3791 1325 3834 deest.

335 3858 363 3903 15.
379 3858 412 3902 ll:
428 3862 516 3915 potest.
584 3860 616 3903 sti.
632 3857 686 3903 CD:
705 3859 783 3915 inlpm
796 3864 819 3902 et
832 3858 906 3902 deest.
974 3871 1003 3914 ιγ.
1019 3858 1051 3903 C:
1071 3864 1198 3904 creaturas
1212 3861 1235 3906 in
1251 3872 1325 3916 marg.

334 3929 378 3971 alia
393 3940 471 3972 manu.
528 3926 558 3971 18.
572 3927 606 3972 C:
622 3929 742 3985 predictas
754 3929 777 3972 in
793 3940 865 3983 marg.
881 3928 925 3971 alia
941 3941 1018 3972 manu.
1075 3942 1106 3985 ις).
1122 3929 1154 3974 C:
1174 3931 1283 3974 doctores
1301 3931 1324 3974 in

335 4010 408 4053 marg.
423 3998 468 4041 alia
484 4010 562 4041 mortu.
644 3997 855 4043 suffiri-irritus.
936 3998 1105 4050 24.C:lalenr
1119 3999 1235 4044 Msemin
1251 4012 1325 4054 mara.

334 4068 379 4111 alis
394 4080 473 4111 nsauu.
514 4067 546 4111 25.
564 4068 596 4111 ll:
610 4079 658 4112 non
672 4068 717 4120 κείς
732 4066 762 4111 E:
778 4068 878 4112 nonnisi.
925 4079 960 4124 27,
971 4069 1007 4113 28.
1019 4069 1052 4112 ll:
1067 4070 1147 4113 videre
1160 4070 1325 4126 corporaliter.

335 4138 371 4181 28.
386 4136 416 4181 E:
436 4141 460 4180 el
472 4138 623 4194 soriguinent.

388 4296 413 4347 li.
437 4297 477 4347 Cl.
498 4299 580 4349 Notae
600 4308 625 4349 et
643 4298 749 4348 observ.
768 4299 793 4348 in
814 4297 922 4349 Librum
942 4300 1172 4349 Sacmmentomm
1192 4299 1240 4349 Sti.
1260 4298 1325 4348 Gre-

336 4386 411 4451 gorii,
431 4387 498 4435 Nora
518 4401 578 4454 972,
598 4386 669 4452 099·
688 4396 751 4435 tom.
771 4386 810 4446 lll,
831 4402 889 4452 pag.
910 4384 968 4439 563.
