3046 4920
656 448 826 502 ronnnnrs
843 448 985 503 wvcrrr
1200 430 1281 519 [css.
1296 448 1315 493 ι.

322 622 393 667 esso
413 606 621 688 sensualiter,
652 626 716 669 non
747 607 852 671 solum
884 606 1166 672 sacramentaliter
1193 607 1252 670 sed
1279 610 1314 671 in

321 709 456 773 ueritate
486 710 638 775 manibus
666 712 869 775 sacerdotum
901 712 1040 776 tractari
1069 721 1101 775 et
1123 710 1252 795 frangi
1282 722 1314 775 et

309 812 465 897 fidelium
507 814 653 879 dentibus
694 815 797 891 atteri,
839 816 954 880 iurans
990 837 1056 901 per
1090 826 1240 880 sanctam
1282 826 1315 879 et

321 920 490 982 omousion
517 918 705 981 Trinitatem
733 928 764 981 et
786 938 851 1001 per
875 920 934 983 lrec
955 930 1170 985 sacrosancta
1196 919 1316 983 Christi

322 1022 502 1107 euangelia.
531 1022 599 1085 Eos
619 1023 677 1104 qui
697 1032 810 1085 eontra
837 1024 923 1086 lrarrc
936 1023 1040 1108 fidem
1068 1026 1216 1089 venerint
1238 1030 1339 1087 curus

321 1126 529 1210 dogmatibus
551 1135 581 1188 et
602 1125 863 1190 consecutorihus
884 1128 953 1191 suis
975 1137 1089 1192 eterno
1107 1129 1314 1192 anathemate

321 1230 440 1315 dignos
461 1248 533 1293 esse
550 1231 743 1312 pronuncio.
767 1229 828 1293 lsta
851 1246 918 1293 tam
941 1232 1130 1314 sollempnis
1153 1232 1314 1296 confessio

322 1353 388 1398 non
412 1346 520 1417 potest
543 1334 673 1417 intelligi
697 1334 785 1418 quod
808 1335 902 1418 panis
925 1349 957 1398 et
978 1336 1092 1399 noum
1120 1336 1162 1399 sit
1194 1335 1313 1399 forms·

321 1438 397 1501 liter
424 1438 476 1501 vel
502 1438 717 1503 assencialiter
739 1459 855 1523 corpus
879 1438 1001 1504 Christi
1028 1452 1062 1505 et
1083 1441 1227 1523 sanguis,
1255 1440 1312 1503 sed

323 1540 493 1625 figurative
516 1543 568 1606 vel
590 1544 725 1628 tropice,
753 1546 851 1607 modo
874 1564 943 1630 quo
965 1544 1113 1629 loquitur
1135 1545 1314 1628 Apostolus
1327 1565 1357 1601 ro

324 1646 346 1711 1.
363 1645 440 1711 Cor.
455 1648 512 1729 X0,
521 1664 557 1728 4:
573 1648 730 1712 Bibebant
743 1660 851 1714 autern
868 1650 908 1714 de
921 1648 1088 1734 spirituali
1101 1657 1315 1731 consequente

324 1770 381 1816 eos
407 1762 517 1838 petra,
543 1764 638 1837 petra
670 1765 777 1819 autem
810 1764 880 1818 erat
905 1754 1063 1821 Christus.
1097 1754 1192 1819 Unde
1222 1754 1314 1837 glosa

325 1856 488 1921 ordinaris
503 1857 650 1942 intelligit
661 1877 854 1943 perparum
872 1870 904 1923 et
917 1860 1028 1923 ninum
1051 1859 1192 1944 speciem
1211 1859 1315 1941 panis

321 1962 449 2039 etvini,
474 1963 574 2026 modo
597 1982 663 2048 qno
686 1964 830 2049 loquitur
853 1979 984 2047 perante
1007 1964 1120 2028 eadem
1144 1963 1313 2026 distioccio

323 2068 384 2129 sub
406 2068 597 2131 auctoritate
610 2067 770 2152 Gregorii:
795 2068 921 2152 Species
945 2078 976 2132 et
996 2067 1175 2132 similitudo
1198 2071 1357 2131 earum15

323 2190 435 2235 rerum
458 2171 614 2235 vocabula
635 2184 795 2258 suntque
816 2184 891 2237 ante
902 2173 1059 2257 fuerant,
1082 2172 1206 2237 scilicet
1214 2173 1315 2254 panis

323 2286 351 2339 et
374 2276 458 2353 nini;
481 2278 566 2341 unde
588 2279 621 2341 in
633 2277 708 2362 fine
730 2279 899 2343 cuiusdam
923 2280 1020 2343 misse
1041 2286 1161 2342 oratur
1183 2286 1215 2340 et
1236 2276 1314 2338 dici·

322 2391 394 2444 tur·.·
417 2380 593 2465 Perficiant
607 2384 640 2445 in
658 2384 758 2463 nohis,
774 2403 958 2467 quesumus,
971 2384 1112 2446 Domine
1126 2392 1186 2445 tua
1201 2400 1314 2445 sacra·

323 2496 433 2550 menta
455 2507 518 2569 que
541 2490 714 2568 continent,
744 2500 777 2552 nt
799 2508 858 2573 que
885 2507 974 2551 nnnc
1000 2487 1060 2551 suh
1087 2488 1196 2570 specie
1223 2483 1315 2568 panis

324 2590 443 2654 etvini
470 2593 620 2676 gerimus
642 2613 750 2656 rerum
775 2595 908 2658 veritate
934 2594 1117 2675 capiamus.
1146 2590 1316 2667 Quoslibet
1325 2612 1357 2648 so

323 2710 399 2759 sunt
421 2696 505 2759 dicta
522 2714 707 2761 sanctorum
732 2713 828 2781 atque
852 2697 1064 2780 ecclesieque
1088 2697 1205 2759 docent
1224 2694 1313 2779 quod

323 2801 376 2862 illa
399 2817 599 2865 sacramenta
621 2802 784 2865 sensibilia
809 2823 874 2865 non
898 2816 974 2865 sunt
997 2822 1115 2884 corpus
1140 2798 1258 2863 Christi
1283 2812 1315 2862 et

322 2905 453 2989 sanguis
476 2908 533 2970 sed
557 2927 671 2971 eorum
695 2907 813 2991 figura;
836 2922 866 2970 et
891 2905 971 2970 forte
993 2907 1025 2969 in
1042 2906 1104 2969 isto
1127 2905 1314 2968 multisunt

323 3010 485 3074 christiani
511 3012 640 3075 nornine
663 3014 695 3074 in
720 3011 873 3075 fidelitate
897 3011 1028 3094 paganis
1058 3011 1195 3093 peiores.
1229 3010 1314 3072 Nam

324 3114 432 3178 minus
465 3118 583 3179 malum
616 3115 697 3180 foret
727 3117 815 3199 quod
845 3115 944 3178 homo
973 3116 1052 3179 illud
1085 3115 1175 3196 quod
1207 3113 1357 3197 primnis

323 3217 410 3281 videt
434 3241 528 3283 mane
548 3241 604 3303 per
620 3235 725 3284 totum
742 3221 905 3284 residuum
922 3219 985 3282 diei
1000 3220 1141 3281 honoret
1157 3233 1191 3280 ut
1209 3218 1314 3280 Deum

323 3344 424 3407 quam
452 3326 541 3408 quod
571 3327 755 3408 regulariter
782 3326 860 3389 illud
888 3323 1034 3388 accidens
1058 3324 1148 3406 quod
1171 3322 1258 3384 videt
1282 3322 1314 3383 in

325 3429 421 3492 missa
446 3430 529 3492 inter
550 3451 665 3494 manus
688 3430 860 3494 sacerdotis
887 3430 919 3491 in
944 3428 1049 3492 hostia
1072 3440 1253 3491 consecrata
1276 3425 1316 3488 sit

375 3613 391 3645 r.
407 3600 439 3646 C:
455 3607 479 3646 et
495 3603 641 3647 sensualiter.
721 3600 740 3648 3.
757 3603 789 3647 lt:
808 3602 918 3652 otteriri,¹
937 3601 1027 3646 Codri:
1046 3604 1187 3644 monstrans.
1208 3596 1315 3642 Correxi.

321 3687 345 3726 4.
356 3672 410 3717 AB:
424 3672 561 3725 omousr’cii‚·
575 3671 606 3717 C:
621 3672 735 3716 correxit:
750 3672 886 3723 omousionr
898 3671 930 3716 E:
945 3671 1060 3717 offosr'on.
1114 3671 1136 3715 ὁ.
1150 3669 1214 3719 ssim·
1227 3668 1259 3712 E:
1274 3669 1314 3714 eir.

322 3755 348 3787 n.
361 3742 435 3786 ABE:
450 3743 463 3786 l
475 3742 546 3786 deest.
589 3755 617 3787 re.
629 3743 682 3788 AB:
696 3755 745 3787 eas.
788 3756 819 3795 rr.
831 3743 864 3787 n:
878 3747 902 3786 et
910 3743 1009 3798 speciem
1019 3742 1081 3793 nr'rri,·
1094 3741 1124 3785 ib.
1136 3739 1168 3784 E:
1182 3753 1228 3796 per
1237 3740 1314 3792 deest:

322 3813 354 3857 ih.
370 3813 422 3858 Cli:
439 3813 598 3857 distinctione.
644 3814 675 3858 ni.
691 3812 723 3856 D:
737 3813 826 3869 species
836 3813 914 3869 panis.
963 3825 992 3868 r7.
1008 3811 1066 3856 Cin
1081 3823 1155 3866 marg.
1171 3810 1215 3854 alia
1230 3822 1314 3853 marin:

322 3884 425 3929 ciusdem
439 3883 514 3927 misse.
576 3895 607 3938 tp.
622 3882 653 3926 E:
672 3895 733 3927 nurse
746 3883 855 3934 r'nniccur,·
873 3883 904 3926 ib.
919 3882 971 3926 AB:
988 3883 1029 3926 sub
1043 3881 1066 3925 in
1083 3893 1156 3935 marg.
1171 3879 1215 3923 alia
1230 3892 1314 3933 marnr;

323 3956 346 3998 in
362 3963 425 3998 textu
438 3955 482 3998 sesi
536 3952 651 3997 uolitet
664 3953 715 3996 rr'ni
727 3952 800 3996 deest.
854 3951 888 3996 23.
902 3950 934 3996 C:
949 3953 973 3995 in
989 3952 1033 3996 isto
1047 3950 1070 3995 in
1086 3962 1161 4005 marg.
1175 3949 1220 3992 otia
1235 3961 1314 3993 uranu.

323 4036 360 4077 es.
375 4023 408 4068 lt:
424 4023 543 4080 pociores.
598 4024 634 4067 26.
650 4034 732 4075 marre;
750 4022 783 4066 D:
802 4023 826 4067 in
842 4021 887 4066 die.
941 4032 975 4078 27·
991 4020 1023 4066 C:
1042 4021 1106 4077 qnod
1119 4019 1191 4063 deest.

381 4148 418 4182 re.
443 4131 484 4182 Cf.
504 4132 626 4182 Glossam
648 4132 705 4181 ord.
728 4132 761 4181 sd
780 4146 872 4181 vocem
894 4132 1001 4190 Panem,
1021 4128 1050 4178 id
1067 4134 1115 4188 est,
1133 4127 1220 4192 specie
1233 4127 1315 4192 ponis

322 4227 350 4272 et
368 4220 424 4271 vini
448 4234 505 4272 esse
526 4226 720 4271 &resarseruntve
745 4224 857 4268 tarrtrrrn.
951 4215 989 4268 15.
1013 4216 1115 4267 Decreti
1134 4214 1223 4264 Tertia
1243 4215 1314 4275 Pars,

324 4310 385 4358 dist.
406 4307 436 4370 ll,
455 4322 512 4373 cap.
531 4307 644 4358 xxxiv,
718 4322 757 4372 ¹7·
776 4307 839 4356 Post
857 4321 982 4355 common
1000 4304 1031 4355 oi
1046 4302 1091 4354 the
1110 4304 1182 4352 Mass
1199 4301 1315 4353 sabbato

325 4396 446 4458 Quatuor
463 4395 627 4461 Temporum
647 4394 745 4445 mensis
763 4392 934 4460 Septembris.
