3046 4920
611 459 806 508 PROLOGUS.

209 616 337 677 materia
355 619 394 678 de
407 615 588 678 Eukaristia
604 629 652 678 est
674 615 881 697 loquendum.
901 613 1016 674 'lercio
1034 627 1064 674 et
1081 613 1197 675 ultimo

208 720 401 803 obicitquod
412 720 537 781 novella
548 720 677 781 ecclesia
690 719 780 801 pouit
790 717 1195 788 transsubstanciaciooem‚

208 837 239 884 et
265 827 399 907 antiqua
428 824 561 885 ecclesia
589 843 671 906 eque
694 826 743 886 vel
771 825 873 905 magis
901 822 1062 882 autentica
1092 821 1193 901 ipsam

208 941 311 1008 negat.
334 928 376 988 Et
400 925 513 989 diffuse
537 927 742 1011 prosequitur
758 928 796 988 de
814 927 943 988 nominc
960 924 1194 986 transsubstan-

182 1030 358 1093 ficiacionis
388 1045 418 1093 et
441 1032 580 1096 declarat
613 1034 664 1095 cui
692 1032 822 1095 ecclesie
850 1031 960 1114 pocius
988 1042 1035 1090 est
1062 1027 1193 1090 creden·

206 1137 296 1198 dum.

250 1237 442 1322 Capitulum
479 1243 616 1305 tercium
650 1242 787 1304 declarat
820 1261 875 1322 per
912 1260 965 1302 sex
1001 1249 1190 1319 argumenta

204 1344 294 1426 quod
306 1345 633 1409 transsubstanciacio
649 1366 714 1407 non
731 1360 778 1409 est
795 1344 964 1407 fundabilis
981 1343 1192 1424 inscriptura.

204 1448 368 1511 Posterius
390 1451 531 1514 declarat
555 1471 611 1531 per
631 1464 705 1511 octo
728 1463 915 1529 argumenta
937 1448 1024 1530 quod
1049 1446 1193 1508 acciden-

161 1551 252 1614 tocia
270 1573 336 1615 non
361 1569 497 1636 possunt
521 1574 577 1637 per
600 1574 633 1614 se
656 1573 733 1615 csse.
761 1554 799 1614 Et
817 1553 913 1614 tercio
936 1551 1100 1613 recitando
1116 1551 1193 1611 ‹loc-

204 1671 292 1719 tores
314 1658 369 1719 dat
392 1660 479 1720 viam
500 1659 541 1720 ad
565 1656 755 1719 eliciendum
780 1655 1000 1717 conclusiones
1025 1654 1194 1715 mirabiles.

1231 1251 1334 1303 (Ilmpter
1350 1252 1387 1294 lll.

205 1761 350 1823 Primum
390 1776 617 1842 argumentum
651 1761 754 1843 prime
787 1760 883 1842 partis
917 1759 1067 1821 tundatur
1096 1777 1194 1840 super
1224 1792 1228 1801 ·

205 1863 270 1926 isto
302 1867 392 1947 quod
422 1865 509 1928 Deus
547 1865 713 1947 inprovide
746 1865 788 1927 sic
821 1878 969 1928 mutaret.
1008 1863 1192 1924 Secundum

201 1983 430 2050 argumentum
457 1969 613 2032 tundatur
636 1990 732 2051 super
756 1971 817 2032 hoc
841 1969 928 2052 quod
952 1983 1027 2031 tunc
1050 1965 1193 2028 annichi-

158 2073 323 2138 ‚staretur
346 2075 532 2137 substancia
556 2074 647 2156 panis
672 2089 701 2136 et
727 2075 810 2152 vini;
835 2073 922 2156 quod
948 2075 1064 2154 probat
1081 2071 1191 2132 multi·

202 2177 329 2260 pliciter
368 2174 613 2260 consequenter.
662 2179 701 2240 Et
737 2194 896 2261 quantum
933 2178 972 2237 ad
1012 2177 1190 2239 secundum

200 2297 362 2363 punctum
387 2283 519 2345 deducit
543 2303 600 2364 per
624 2282 724 2345 multa
748 2284 853 2344 media
883 2281 1106 2364 philosophica
1135 2300 1191 2361 per

200 2387 437 2448 deduccionem
462 2387 502 2448 ad
528 2388 756 2449 inconveniens
781 2402 811 2450 et
835 2408 891 2470 per
915 2386 1081 2467 multiplex
1103 2385 1190 2446 testi-

201 2489 349 2552 monium
363 2491 541 2570 Augustini
565 2493 654 2574 quod
678 2492 802 2552 nullum
826 2492 972 2553 accidens
994 2504 1101 2571 potest
1123 2510 1191 2550 esse

155 2595 271 2660 sosine
300 2597 463 2674 subiecto;
489 2611 521 2658 et
549 2597 712 2677 arguendo
741 2598 888 2657 doctores
917 2597 1060 2657 novellos
1092 2592 1191 2654 obicit

202 2719 260 2782 per
277 2701 453 2782 Hugonem
478 2701 517 2762 de
539 2701 659 2763 Sancto
670 2700 798 2763 Victore
821 2716 852 2762 et
875 2701 978 2762 solvit.
1004 2701 1043 2761 Et
1067 2720 1105 2760 cx
1130 2699 1189 2760 ista

200 2805 356 2866 varietate
380 2805 466 2866 elicit
491 2819 554 2866 tres
577 2804 800 2867 conclusiones
825 2805 985 2866 mirabiles
1003 2821 1033 2866 et
1051 2803 1190 2866 linaliter

199 2910 257 2971 dat
278 2929 410 2972 sensum
434 2910 475 2969 ad
499 2927 598 2991 quem
628 2910 777 2972 doctores
800 2911 898 2970 sancti
924 2925 954 2971 et
981 2910 1109 2971 decreta
1134 2908 1190 2969 de·

200 3016 277 3075 bent
301 3013 445 3095 intelligi.

150 3133 183 3184 25
244 3117 433 3198 Capitulum
447 3133 600 3200 quartum
619 3118 768 3193 declarat,
786 3120 891 3199 primo
908 3119 1072 3201 quomodo
1091 3120 1186 3179 verba

198 3220 322 3284 Christi
348 3223 468 3303 quibus
486 3222 547 3283 hoc
564 3237 802 3286 sacramentum
827 3220 993 3284 conficitur
1019 3222 1186 3304 ligurative

196 3325 318 3386 debent
348 3327 494 3407 intelligi,
527 3327 672 3388 secundo
698 3329 864 3410 quomodo
889 3325 1037 3388 Christus
1066 3327 1187 3388 habens

197 3430 367 3491 nobiscum
394 3431 562 3512 multiplex
586 3451 655 3493 esse
680 3432 866 3493 humanitus
895 3432 1051 3513 quictabit
1076 3433 1187 3494 beatos

195 3534 319 3595 visione
353 3536 513 3616 corporali
542 3549 617 3616 post
646 3534 730 3597 diem
764 3537 883 3610 iudicii,
918 3551 948 3597 et
978 3536 1077 3596 tercio
1105 3556 1185 3617 quo·

149 3657 185 3707 30
197 3638 296 3700 modo
312 3653 360 3702 est
376 3638 408 3700 in
425 3655 629 3701 sacramento
645 3641 754 3702 altaris
770 3641 940 3722 dispariter
956 3642 1081 3704 abesse
1097 3643 1185 3724 quod

1225 3130 1328 3186 Clrrpter
1344 3130 1382 3176 ll'.

197 3741 294 3804 habet
321 3742 353 3804 in
383 3742 453 3805 aliis
476 3745 695 3826 sacramentis,
729 3759 760 3806 et
789 3746 956 3827 quomodo
990 3747 1050 3807 hoc
1084 3765 1186 3807 sacra·
1226 3765 1229 3773 ·

197 3859 344 3908 mentum
370 3846 539 3928 tripliciter
562 3847 743 3911 differenter
759 3850 819 3911 alia
837 3850 1007 3914 antecellit.
1033 3850 1185 3911 Secundo

198 3950 416 4034 principaliter
432 3953 595 4013 movendo
612 3954 672 4015 tria
689 3954 789 4016 dubia
807 3955 1012 4038 prosequitur
1029 3955 1183 4035 primum,

247 4219 263 4251 1.
280 4207 311 4252 D:
331 4208 361 4252 de·
374 4208 462 4252 ultimo.
522 4207 541 4252 5.
558 4208 586 4252 ll:
607 4216 643 4254 csl
653 4212 743 4266 pocius.
804 4211 832 4256 13.
848 4213 899 4255 nu:
918 4216 1016 4253 ›rtrrlurtl
1030 4210 1064 4255 εἰς
1079 4217 1185 4255 multaret.

197 4286 224 4318 ar.
237 4277 267 4320 u:
282 4278 350 4321 delato
362 4277 461 4321 lictore.
503 4289 536 4321 aa.
548 4279 645 4323 ABCll:
657 4282 767 4324 iuml-ate.
808 4292 841 4334 εγ,
851 4281 885 4323 28.
897 4279 948 4322 llli:
965 4281 1082 4323 rrolircnm
1093 4281 1185 4324 lau-ns.

197 4345 229 4387 ²8.
245 4346 273 4389 ll:
288 4347 376 4402 duplex
389 4359 446 4390 esse.
502 4345 537 4391 30.
554 4349 586 4392 tt:
602 4355 636 4391 ast
649 4350 725 4399 dcest;
741 4349 771 4392 C:
787 4351 811 4391 r'u
826 4351 895 4392 deest.
951 4348 984 4392 52.
1001 4349 1030 4392 li:
1046 4349 1183 4405 differente,-

195 4414 225 4457 ib.
240 4415 293 4458 ltu:
308 4416 359 4459 alin
373 4415 446 4459 deest.
502 4414 534 4459 33⁸.
551 4418 583 4461 u:
598 4419 671 4461 tercio
685 4419 761 4460 drrlln.

1051 4496 1081 4543 ¹&
