3046 4920
211 459 281 506 car».
295 445 349 537 ru]
551 466 596 516 nn
616 462 861 516 aucuantsrts.

211 639 314 686 errant
337 639 489 706 tanquam
506 622 654 706 ydolatre
669 618 746 681 lalse
761 618 932 681 senciendo
953 619 991 679 de
1008 617 1199 696 Eukaristra‚

212 748 286 791 cum
309 729 385 792 false
410 728 546 789 adorant
563 725 624 786 hoc
642 739 676 786 ut
694 724 797 787 Deum
822 723 853 785 in
878 723 982 805 signo,
1007 743 1042 784 ac
1059 722 1085 784 si
1101 722 1201 784 homo

214 834 323 895 adoret
346 833 523 916 dyabolum
549 831 580 890 in
605 828 813 891 similitudine
836 825 987 890 crucifixi.

255 938 321 1001 Nec
353 936 488 998 dubium
521 933 600 1016 quin
634 952 723 996 error
753 932 785 996 in
819 933 934 997 talibus
967 947 1095 995 accusat
1124 931 1202 993 false
1217 941 1349 1038 tlfcqce'ue
1363 941 1420 1037 neq!

186 1043 415 1119 iadorantem3
448 1053 480 1102 et
512 1052 599 1120 patet
631 1038 719 1122 quod
753 1037 966 1101 necessarium
994 1050 1041 1098 est
1069 1005 1420 1101 tractas0⁰rui¹¹s¹u⁰s⁸jedi'

213 1144 380 1209 materiam
412 1143 506 1207 istam
540 1143 580 1204 de
613 1142 793 1220 eukaristia,
831 1143 907 1225 quia
943 1141 1073 1204 indubie
1104 1142 1203 1204 altera

211 1251 344 1314 istarum
357 1249 480 1311 viarum
498 1262 544 1310 est
561 1246 728 1311 manifeste
744 1247 892 1324 heretica,
908 1266 983 1309 cum
1001 1246 1032 1308 in
1049 1244 1201 1328 precipua

211 1353 377 1438 scriptura,
393 1352 467 1436 quia
492 1353 522 1415 in
540 1352 644 1415 verbis
662 1351 792 1415 Domini
808 1351 927 1435 quibus
943 1365 1085 1414 sacratur
1100 1350 1203 1414 hostia

210 1472 295 1523 tenet
319 1458 417 1521 altera
441 1457 575 1520 istarum
598 1455 722 1519 viarum
747 1456 838 1519 valde
855 1447 1056 1538 pertinaciter
1072 1474 1201 1517 sensum

171 1562 315 1626 toautori
331 1561 692 1645 scripturecontrarium
706 1575 737 1623 et
747 1560 880 1624 dimittit
891 1561 1072 1624 doctrinam
1082 1560 1202 1624 Christi

211 1668 242 1730 in
258 1667 349 1730 valde
367 1666 550 1729 necessariis
572 1666 613 1727 ad
637 1666 774 1729 salutem
798 1679 828 1728 et
851 1664 989 1747 imponit
1012 1665 1071 1728 sibi
1095 1664 1201 1747 impli-

211 1773 272 1835 cite
304 1771 593 1834 auctorisacionem
629 1768 906 1832 abhominacionis
944 1769 1091 1851 pessime,
1129 1770 1202 1833 licet

211 1878 359 1940 doctores
382 1875 499 1938 famosi
516 1874 624 1957 legum
641 1873 773 1937 ecclesie
790 1874 1055 1957 parvipendentes
1072 1873 1202 1937 recitent

210 1980 292 2044 inter
318 1981 488 2062 opiniones
515 1979 603 2061 quod
632 1977 723 2062 panis
748 1991 779 2041 et
801 1979 912 2041 vinum
938 1995 1104 2042 remanent
1128 1995 1202 2061 post

170 2095 199 2147 15
211 2085 504 2164 consecracionem3
527 2085 568 2146 ad
591 2084 681 2168 quod
704 2099 846 2166 arguunt
862 2086 916 2146 sed
935 2104 999 2146 non
1017 2086 1200 2167 inprobant.

211 2207 246 2255 ut
275 2211 340 2253 non
369 2205 515 2273 possunt,
547 2190 621 2253 licet
653 2189 733 2272 parti
764 2188 842 2252 false
869 2192 970 2270 magis
997 2190 1135 2253 faveant.
1168 2191 1201 2253 Si

211 2317 288 2380 ergo
317 2296 361 2358 illi
391 2295 535 2379 precipui
560 2297 710 2357 doctores
737 2295 845 2377 legum
875 2295 1006 2357 ecclesie
1034 2315 1098 2356 non
1127 2314 1200 2358 con·

210 2404 388 2484 dempnant
417 2415 581 2482 tamquam
610 2399 789 2462 hereticum
816 2399 905 2482 quod
929 2399 1020 2481 panis
1047 2416 1201 2480 remanet,

210 2506 265 2568 sed
289 2506 428 2586 probant
450 2505 539 2587 quod
562 2504 625 2566 hoc
649 2503 794 2587 sequitur
817 2523 854 2566 ex
878 2505 947 2583 lege
970 2505 1112 2586 predicta
1127 2505 1201 2589 Ego

168 2609 441 2694 aoBeringarius,
470 2608 642 2671 verisimile
666 2625 714 2673 est
737 2608 789 2694 (ut
811 2606 914 2693 prius)
937 2611 1027 2693 quod
1054 2611 1200 2673 doctores

210 2715 425 2799 impericiores
449 2735 514 2777 non
538 2717 746 2796 temptabunt
771 2714 945 2777 hereticare
962 2715 1054 2778 istam
1075 2730 1200 2779 senten·

211 2823 307 2900 ciam3
335 2821 391 2883 sed
419 2820 718 2904 quomodocunque
747 2834 986 2902 temptaverunt
1014 2821 1081 2883 scio
1109 2823 1199 2903 quod

212 2947 275 2988 non
301 2940 445 3009 possunt,
469 2945 543 2989 cum
570 2946 634 2987 non
659 2941 794 3006 possunt
810 2925 945 3008 probare
961 2925 1054 2990 istam
1072 2941 1199 2988 senten·

210 3033 289 3094 ciam
311 3051 381 3094 esse
405 3029 528 3094 falsam.
554 3032 626 3094 Non
644 3050 722 3114 ergo
738 3029 833 3094 refert
849 3030 880 3092 in
896 3051 963 3114 quo
980 3051 1053 3093 vase
1069 3007 1254 3096 servatis‘

168 3144 199 3196 25
211 3138 355 3200 moribus
379 3137 527 3199 sacerdos
544 3134 731 3214 sanctificet,
756 3137 810 3199 sed
826 3139 875 3215 (ut
891 3137 1013 3199 dictum
1030 3134 1091 3221 est)
1113 3152 1197 3199 stan·

210 3245 287 3305 dum
316 3257 364 3306 est
392 3241 596 3325 appropriate
626 3241 850 3304 consuetudini
879 3241 979 3325 patrie
1011 3256 1042 3304 et
1074 3259 1196 3306 servata

209 3349 374 3411 honestate
398 3349 437 3410 de
461 3347 591 3411 Christo
615 3347 757 3410 virtuose
781 3348 931 3427 recolere,
955 3348 1017 3409 hoc
1041 3346 1126 3408 enim
1150 3361 1199 3410 est

210 3451 369 3515 infinitum
394 3453 506 3515 melius
529 3473 627 3536 quam
653 3452 822 3515 celebrare.
848 3453 914 3514 Nec
938 3453 1082 3515 dissonat
1105 3452 1197 3534 quod

209 3557 356 3621 Christus
383 3560 424 3622 sit
450 3558 723 3621 sacramentaliter
751 3557 781 3619 in
811 3578 895 3641 aqua
923 3559 972 3619 vel
1001 3558 1063 3620 alio
1095 3558 1197 3621 mixto

167 3673 200 3725 30
210 3664 294 3746 vino,
307 3685 421 3747 ymmo
437 3665 469 3725 in
484 3664 590 3726 medio
603 3683 696 3725 aereo
713 3664 769 3725 sed
783 3664 1017 3745 praeminentes
1032 3664 1063 3725 in
1077 3664 1195 3742 anima,
1252 3680 1304 3725 Tne
1320 3682 1370 3725 uest

209 3787 281 3830 cum
307 3767 379 3830 finis
397 3770 490 3831 huius
507 3768 697 3832 sacramenti
713 3770 755 3831 sit
771 3770 860 3852 quod
877 3768 1023 3832 Christus
1043 3768 1196 3831 inhabitet
1206 3734 1415 3830 cullss'iiliniis

208 3875 350 3935 animam
386 3895 443 3957 per
475 3876 620 3949 virtutes,
660 3875 704 3936 sic
741 3876 829 3957 quod
867 3875 975 3958 laycus
1013 3894 1195 3936 memorans
1280 3840 1341 3882 ω’

259 4092 279 4124 a.
294 4080 347 4124 AB:
368 4080 412 4123 ltoc
425 4079 497 4122 deest.
595 4093 618 4133 4.
634 4079 666 4123 ll:
686 4080 859 4137 arguatsulse.
957 4078 976 4123 5.
992 4079 1024 4122 ll:
1043 4085 1110 4135 patet
1123 4080 1195 4123 deest.

209 4150 472 4194 roumaltoctre'nam.
514 4149 663 4203 14.l):rirter
672 4150 743 4204 ipsos.
784 4149 880 4194 ronssz
892 4154 970 4205 parte.
1015 4149 1196 4194 t8.E:maueat.

209 4220 416 4276 tprllltprnbnt.
470 4220 856 4270 22-24.A:sed-scntenclrrm
871 4220 893 4262 in
910 4231 982 4274 marg.
1032 4218 1196 4264 nimitum:

204 4295 302 4345 possunt
316 4290 394 4333 before
404 4291 510 4346 probare
523 4289 634 4338 omitted:
650 4289 669 4333 C
680 4290 701 4333 iu
713 4303 786 4346 marg.
798 4291 842 4333 alia
855 4302 925 4334 manu
935 4291 1009 4334 addit.
1051 4291 1087 4333 ati.
1098 4290 1196 4334 nucu:

206 4361 344 4415 approbate.
403 4359 438 4403 28.
453 4361 484 4404 C:
505 4373 574 4416 quam
589 4360 612 4404 in
629 4373 702 4415 marg.
717 4362 761 4404 alia
777 4373 856 4405 manu.
915 4372 949 4416 29-
965 4359 1040 4405 atre:
1059 4362 1096 4405 tul
1108 4362 1196 4417 aliquo.

207 4427 241 4473 30.
257 4429 289 4473 tt:
309 4431 388 4473 arrr'mn
452 4429 481 4476 31.
497 4429 521 4474 ‚la
546 4430 577 4473 C:
596 4430 629 4474 εἰ(
643 4455 663 4462 -
680 4432 777 4475 virtutes
791 4432 813 4475 in
830 4443 902 4487 marg.
918 4431 961 4474 alia
977 4444 1055 4475 mauu.
