3046 4920
140 459 209 507 cae.
224 445 299 533 vua]
482 463 526 512 ue
547 459 795 513 nucnnutsrta

140 622 314 686 duratione
338 618 561 683 conservando
581 616 745 679 residuum
767 618 951 683 duracionis
966 635 1131 704 perpetuo,

139 741 171 790 et
194 742 272 790 tunc
295 726 425 788 videtur
448 722 539 805 quod
564 720 719 784 medietas
743 723 955 804 quantitative
979 727 1132 809 temporis

140 839 167 894 A
185 846 233 894 est
252 831 297 894 ita
313 830 408 909 longa
425 840 456 888 et
473 846 529 909 per
544 845 747 910 consequens
763 827 806 890 ita
823 848 939 910 magna
956 844 991 894 ut
1006 846 1132 914 ternpus

139 934 263 1017 aliquid
292 946 323 995 et
352 945 461 995 totum
491 944 620 1009 tempus
651 931 734 994 sicut
762 944 795 993 et
825 951 921 995 suum
954 936 1131 999 subiectum

113 1043 227 1102 5nunc
250 1035 367 1100 desinit
390 1056 470 1098 esse.
500 1036 552 1100 Sic
576 1035 665 1097 enim
690 1034 772 1099 foret
796 1037 870 1099 dare
894 1038 1046 1121 temporis
1068 1041 1130 1122 pri·

139 1161 230 1205 mum
253 1140 378 1203 instans
401 1154 433 1202 et
457 1141 627 1220 ultimum;
651 1152 683 1203 et
705 1139 750 1203 sic
770 1141 896 1205 videtur
910 1144 998 1225 quod
1022 1145 1131 1220 positis

139 1244 274 1309 infinitis
298 1245 503 1328 temporibus
528 1244 665 1308 omnino
688 1245 856 1329 equalibus
880 1248 988 1330 quoad
1013 1248 1131 1311 molem

139 1349 304 1414 infinitum
328 1349 436 1413 minus
460 1365 507 1413 est
530 1350 662 1433 aliquod
686 1351 796 1432 quoad
818 1350 1038 1432 durationem2
1052 1366 1083 1415 et
1099 1367 1133 1416 ut

139 1474 240 1518 unurn
266 1468 313 1517 est
335 1455 450 1517 relacio
474 1456 582 1516 minus
599 1455 706 1536 quoad
724 1455 856 1532 molem,
879 1468 928 1517 est
943 1456 1013 1539 ipso
1030 1457 1130 1520 maius

98 1559 246 1643 roquond
281 1558 500 1620 durationem.
536 1559 583 1620 Ex
616 1557 735 1641 quibus
769 1573 949 1642 sequuntur
981 1560 1130 1624 inconve-

140 1663 275 1744 niencia,
308 1664 384 1726 dato
408 1664 498 1746 quod
523 1662 668 1747 sequitur
692 1677 819 1746 tempus
842 1677 889 1726 est
910 1664 954 1726 sic
977 1685 1131 1750 magnum

138 1768 248 1852 quoad
275 1769 397 1831 molem
427 1769 476 1830 vel
505 1767 726 1847 duracionem,
756 1788 833 1851 ergo
863 1782 990 1853 tempus
1018 1784 1064 1833 est
1086 1772 1130 1834 sic

139 1893 305 1955 magnum.

182 1979 223 2041 Et
246 1997 284 2040 ex
307 1978 423 2040 eodem
448 1990 536 2059 patet
560 1976 672 2060 quinta
696 1978 874 2058 conclusio,
901 1979 1020 2042 scilicet
1043 1982 1130 2063 quod

96 2087 126 2138 15
138 2082 254 2165 periret
276 2082 385 2144 omnis
408 2082 569 2144 certitudo
586 2082 625 2143 de
642 2101 732 2143 mora
748 2083 913 2165 temporis,
939 2084 1013 2168 quia
1030 2104 1128 2168 quan·

138 2202 339 2269 turncunque
358 2188 450 2249 breve
466 2200 606 2270 tempus,
624 2185 725 2248 eciam
743 2187 873 2268 instans,
890 2201 997 2271 potest
1013 2190 1128 2251 servari

137 2291 377 2376 quantumlibet
400 2291 467 2370 diu,
498 2293 572 2353 idco
597 2290 789 2353 diuturnitas
813 2305 844 2354 et
867 2293 1001 2356 brevitas
1025 2292 1129 2358 forent

137 2397 317 2460 accidencia
342 2396 532 2478 separabilia
556 2416 573 2456 a
599 2412 747 2478 tempore
771 2396 852 2460 sicut
867 2418 885 2459 a
902 2399 1046 2481 quolibet
1061 2420 1129 2482 per-

137 2516 298 2584 manente,
315 2502 392 2585 quia
406 2501 497 2564 aliter
513 2521 579 2563 non
597 2517 706 2582 posset
728 2516 854 2583 tempus
871 2522 927 2584 per
947 2523 979 2564 se
997 2523 1064 2566 esse
1081 2505 1128 2565 vel

91 2607 310 2690 roprorogari
335 2625 411 2669 cum
429 2620 537 2668 tamen
560 2620 689 2687 tempus
712 2604 796 2668 inter
818 2607 926 2668 omnia
950 2607 1128 2671 accidencia

134 2711 268 2775 minime
284 2712 463 2794 dependeat
479 2732 498 2773 a
514 2709 670 2773 subiecto.
685 2710 727 2772 Et
737 2725 825 2792 patet
839 2710 986 2775 conlusio
996 2731 1126 2794 respon·

133 2818 238 2897 dendi,
249 2837 325 2879 cum
336 2815 529 2879 diuturnitas
542 2816 698 2899 temporis
707 2816 758 2876 vcl
770 2815 811 2878 sit
823 2816 928 2897 ipsum
942 2830 1068 2899 tempus
1079 2818 1128 2879 vel

133 2921 278 2983 accidens
295 2921 383 3003 quod
402 2921 520 3002 poterit
537 2940 642 3003 perse
659 2939 742 3002 esse;
760 2921 875 3003 dequo
892 2941 958 2983 non
975 2935 1022 2984 est
1036 2921 1127 2986 nobis

132 3027 305 3107 certitud0;
329 3039 361 3088 et
385 3026 428 3087 sic
446 3027 497 3109 (ut
514 3026 658 3108 sophiste
673 3023 825 3109 arguunt)
850 3026 1005 3107 capiendo
1030 3028 1126 3089 lineas

89 3138 120 3189 25
133 3131 274 3195 infinitas
291 3131 444 3214 girativas
462 3151 603 3214 quarum
613 3130 754 3213 quelibet
770 3130 933 3193 inlinitum
951 3131 1004 3194 diu
1022 3133 1126 3212 durat,

132 3237 215 3300 sicut
239 3251 286 3298 est
310 3234 476 3299 infinitum
492 3257 611 3315 magna
629 3237 738 3318 quoad
756 3237 886 3313 molem,
910 3250 986 3299 tunc
1002 3238 1126 3300 videtur

131 3343 219 3425 quod
243 3341 438 3424 superficies,
469 3362 623 3403 numerus
649 3342 696 3402 vel
721 3357 884 3424 respectus
913 3341 968 3424 qui
997 3357 1043 3404 est
1072 3364 1127 3425 per

133 3448 184 3508 illa
204 3460 352 3529 tempora
368 3444 674 3531 (quantumcunque
693 3446 796 3507 brevis
814 3444 922 3530 luerit)
939 3460 985 3508 est
1001 3467 1058 3528 per
1081 3447 1125 3508 in·

132 3551 221 3614 finita
238 3567 386 3635 tempora
405 3572 469 3613 non
488 3550 777 3630 communicanda,
802 3570 941 3634 quorum
958 3552 1125 3632 quodlibet

88 3665 121 3716 3ο
131 3672 178 3719 est
202 3657 372 3739 dupliciter
396 3655 575 3736 infinitum3
600 3672 631 3719 et
656 3657 697 3718 ita
723 3655 805 3718 foret
828 3657 866 3717 de
884 3655 972 3718 ornni
989 3675 1124 3738 corpore

133 3764 260 3825 racione
286 3783 418 3824 suarum
444 3763 607 3844 parcium;
642 3776 674 3822 et
698 3776 785 3842 patet
811 3761 1004 3824 incertitudo
1028 3777 1123 3844 atque

130 3867 291 3931 conlusio,
326 3868 420 3929 Unde
452 3868 596 3948 sophiste
630 3880 743 3927 notant
774 3886 870 3928 unam
899 3866 1015 3928 lineam
1046 3867 1123 3946 gira-

181 4143 202 4185 8.
219 4142 292 4186 ΑΒΘ·
311 4141 409 4197 aliquid.
482 4144 494 4184 b*
525 4154 555 4184 to.
572 4140 667 4185 ABCE:
688 4146 711 4183 et
725 4150 748 4183 nt
763 4153 832 4183 uuum
847 4165 872 4172 -
886 4141 1036 4184 deracionem
1051 4142 1121 4184 deest.

129 4225 158 4265 rr,
170 4211 200 4256 13.
216 4212 235 4256 C
250 4213 330 4268 quoad
343 4234 368 4242 -
382 4223 493 4268 magnum
509 4211 532 4254 in
548 4224 621 4262 rnars.
637 4212 681 4253 alin
696 4223 775 4253 manu.
831 4224 859 4265 ¹7·
876 4211 908 4254 ll:
923 4216 1123 4267 quantumcunque

127 4283 177 4324 diu.
249 4284 280 4325 ri.
295 4281 391 4324 ABDE:
412 4282 521 4337 qualibet.
596 4292 629 4324 22.
644 4283 678 4324 A:
698 4281 843 4323 diuturnitas
857 4281 879 4323 in
896 4293 968 4334 marg.
984 4281 1027 4323 alin
1043 4293 1120 4322 manu.

128 4363 162 4402 24.
176 4352 249 4396 Alte:
266 4353 344 4393 linias.
387 4363 421 4404 27.
434 4352 465 4393 ll:
481 4352 655 4405 triremesque.¹
670 4352 699 4392 ib.
712 4351 744 4393 n:
761 4352 798 4394 vel
806 4356 900 4405 tempere.
943 4350 972 4393 31.
985 4351 1015 4392 ll:
1031 4356 1053 4392 el
1060 4355 1120 4404 porr.

127 4420 161 4464 32.
177 4422 228 4465 BD:
249 4430 346 4474 vocant;
364 4422 395 4465 ib.
411 4421 486 4466 ABC:
506 4422 603 4473 liniam
623 4422 654 4463 D:
675 4422 777 4464 literam.
