3046 4920
200 486 268 532 cau
283 472 326 562 u]
534 492 580 542 oe
601 490 849 541 eucaanrsrra.

248 648 389 712 Ulterius
406 645 633 710 descendendo
649 646 689 707 ad
706 645 904 709 evidenciam
921 667 985 730 qua
1004 650 1199 730 probaretur

203 754 294 816 istam
318 752 516 816 sentenciam
546 769 614 812 esse
644 750 820 813 hereticam
848 767 879 815 et
907 751 1075 834 scripturis
1103 755 1199 817 sacris

203 857 396 922 contrariam
420 855 496 940 quia
526 853 651 935 falsam,
678 855 816 939 cogitavi
846 877 903 939 per
932 859 1023 940 quod
1053 859 1198 922 medium

202 977 324 1027 teneret
346 963 406 1024 ista
430 958 571 1042 argucia,
595 973 628 1022 et
650 980 716 1025 non
734 960 841 1023 inveni
859 961 919 1023 nisi
936 959 1017 1024 forte
1033 976 1198 1045 arguatur,

177 1073 238 1130 §ut
261 1068 421 1151 glossatur
444 1085 461 1126 a
485 1083 580 1126 sensu
605 1066 766 1129 contrario
790 1064 933 1151 yronice,
963 1085 1001 1128 ex
1023 1067 1087 1130 hoc
1110 1070 1198 1152 quod

203 1174 260 1235 hec
277 1169 463 1255 propositio
486 1170 741 1234 sacramentalis:
765 1169 843 1234 Hoc
865 1181 913 1235 est
935 1189 1057 1254 eorpus
1080 1192 1200 1251 meum,

203 1293 249 1340 est
287 1274 451 1337 verissima
491 1275 765 1338 sacramentaliter
802 1275 989 1340 conversiva
1034 1276 1128 1359 panis
1166 1277 1198 1341 in

205 1399 320 1462 corpus
345 1376 464 1441 Christi
493 1391 525 1440 et
554 1378 636 1441 ultra
661 1395 858 1442 sacramenta
883 1380 961 1463 legis
985 1381 1102 1444 veteris
1126 1383 1200 1464 plus

204 1485 395 1547 miraculose
435 1480 553 1545 faciens
587 1484 678 1566 quod
718 1483 771 1546 ille
804 1484 895 1567 panis
928 1484 1201 1548 sacramentaliter

166 1610 195 1645 ιο
206 1589 319 1674 figuret
342 1607 459 1671 corpus
476 1586 613 1667 Christi;
637 1603 670 1652 et
692 1588 736 1651 sic
753 1604 800 1651 est
816 1590 921 1651 verior
937 1604 969 1653 et
985 1589 1201 1673 pertinencior

204 1714 303 1780 quam
331 1692 413 1757 loret
440 1692 515 1756 ista:
548 1693 617 1756 Hic
643 1704 691 1758 est
712 1712 833 1776 corpus
857 1713 976 1758 arreum.
1011 1695 1051 1757 Et
1081 1695 1201 1759 iudicet

204 1798 305 1862 fidelis
329 1798 379 1861 vel
402 1795 539 1861 infidelis
564 1813 675 1861 utrum
697 1817 734 1862 ex
756 1798 819 1862 hoc
841 1799 986 1883 sequitur
1009 1801 1098 1883 quod
1126 1819 1198 1863 sen·

205 1904 307 1967 tentia
346 1903 405 1966 ista
445 1902 485 1965 sit
525 1903 678 1986 heretica;
716 1903 895 1986 manifeste,
931 1904 1076 1988 inquam,
1112 1919 1199 1988 patet

206 2009 410 2074 contrarium.

167 2117 194 2169 ¹5
249 2115 312 2177 Sed
336 2114 508 2197 replicatur
531 2134 588 2197 per
608 2115 672 2178 hoc
688 2114 779 2198 quod
796 2115 962 2199 responsio
980 2116 1040 2180 ista
1056 2116 1200 2199 implicat
1218 2128 1257 2189 an
1272 2127 1408 2207 expressio?

206 2221 406 2283 locucionem
423 2219 517 2282 istam
528 2239 597 2282 esse
611 2219 784 2303 tropicam:
801 2220 878 2283 Hoc
889 2231 1069 2303 estcorpus
1080 2241 1199 2299 meum,
1228 2187 1403 2327 'hidisi'iifii

207 2326 294 2409 quod
319 2339 366 2388 est
389 2324 575 2404 hereticum,
605 2343 681 2387 eum
709 2339 786 2388 tunc
810 2323 892 2388 foret
917 2323 993 2388 falsa
1016 2327 1056 2388 de
1080 2328 1199 2389 virtute
1257 2291 1364 2339 “m

207 2430 369 2492 sermonis.
410 2429 474 2492 Sed
512 2429 602 2492 stulti
642 2429 686 2492 sic
725 2444 896 2512 arguentes
935 2430 1028 2493 obliti
1063 2431 1200 2494 racionis

207 2535 384 2618 argumenti
414 2535 464 2597 vel
493 2535 738 2617 consequencie‚
769 2535 843 2598 ideo
872 2549 1000 2617 oportet
1028 2550 1121 2598 acute
1150 2556 1199 2598 re·

165 2656 197 2692 20
207 2640 363 2723 spondere
381 2640 441 2702 illis
458 2640 545 2702 iuxta
560 2659 653 2702 suam
669 2639 852 2718 stulticiam,
869 2640 1019 2721 negando
1036 2640 1199 2721 arguciam

206 2761 272 2809 tam
296 2746 327 2807 in
351 2744 485 2806 materia
508 2763 609 2827 quam
633 2743 666 2806 in
690 2742 803 2808 forma.
837 2745 978 2807 Locucio
1002 2759 1111 2808 autem
1135 2760 1200 2809 tro-

207 2851 276 2933 pica
292 2866 338 2913 est
356 2850 531 2927 verissima,
548 2869 676 2913 summe
692 2848 852 2912 katholica
867 2863 900 2912 et
916 2850 1200 2913 miraculosissime

208 2955 400 3019 conversiva.
435 2957 500 3017 Nec
529 2970 575 3016 est
605 2954 696 3016 color
719 2974 757 3016 ex
780 2954 848 3017 istis
872 2955 1064 3017 concludere
1087 2974 1199 3037 quem·

208 3060 282 3121 libet
311 3061 405 3123 talem
431 3059 568 3121 modum
593 3059 746 3142 loquendi
773 3080 829 3142 per
851 3060 963 3122 locum
986 3080 1004 3120 a
1028 3059 1125 3121 simili
1151 3060 1200 3121 vel

165 3164 294 3247 25quod
316 3163 480 3248 quidditas
504 3180 560 3228 aut
584 3181 697 3228 natura
721 3164 813 3247 panis
838 3180 868 3227 et
893 3165 956 3226 vini
982 3165 1201 3248 corrumpitur

207 3273 316 3353 pocius
342 3271 489 3354 quamsi
515 3287 665 3352 peccator
687 3271 885 3333 convertitur
910 3271 941 3332 in
966 3273 1100 3350 iustum,
1124 3292 1200 3355 ergo

208 3393 315 3439 natura
342 3377 394 3437 illa
418 3376 601 3441 destruitur.
626 3376 689 3456 sic,
714 3377 860 3459 inquam,
885 3392 998 3440 natura
1023 3376 1115 3461 panis
1131 3397 1198 3439 me-

206 3485 336 3545 lioratur
369 3504 424 3565 per
459 3483 733 3567 benediccionem,
763 3483 837 3566 quia
872 3495 944 3561 post
976 3484 1100 3545 nudum
1132 3503 1199 3545 esse

207 3589 348 3650 naturale
383 3589 477 3650 habet
510 3588 752 3670 superadditum
787 3609 856 3651 esse
888 3590 1129 3670 sacramentale,
1164 3604 1199 3652 ut

164 3690 374 3756 30ellicaciter
401 3693 516 3774 figuret
545 3709 576 3756 et
605 3692 699 3756 faciat
727 3714 840 3757 verum
867 3715 985 3776 corpus
1009 3694 1129 3758 Christi
1159 3698 1199 3757 ad

206 3801 382 3882 quemlibet
406 3802 475 3862 eius
500 3815 671 3882 punctum,
698 3801 795 3863 etsie
819 3822 891 3863 vere
914 3801 1030 3884 accipit
1053 3803 1108 3863 sed
1132 3817 1197 3865 tro·

207 3906 274 3987 pice
301 3906 555 3987 predicacionem
580 3906 734 3988 corporis.

257 4107 276 4137 2.
293 4094 324 4137 ll:
343 4094 460 4149 scripture
474 4105 549 4136 sacre.
609 4091 628 4137 3.
645 4093 677 4137 h:
690 4094 836 4152 frequenter
849 4096 961 4153 cogitavi.
1018 4107 1047 4140 η.
1068 4096 1100 4139 C:
1115 4096 1152 4139 vel
1164 4095 1199 4139 ἰη-

203 4165 280 4218 lide-lis
295 4165 316 4207 in
333 4177 405 4218 marg.
422 4166 465 4206 alia
482 4177 561 4207 mauu.
608 4162 638 4208 13.
655 4164 684 4207 E:
700 4169 747 4216 m,-
762 4167 792 4208 ib.
805 4166 833 4209 13:
850 4168 873 4208 r'rr
888 4178 934 4222 qua
946 4172 1019 4221 patet.
1067 4165 1098 4209 18.
1114 4166 1145 4209 C:
1161 4178 1199 4208 ra·

205 4237 279 4277 tinnis
297 4236 319 4277 in
341 4247 413 4288 marg.
435 4236 478 4276 alia
499 4247 577 4277 manu.
652 4248 684 4290 ¹9·
704 4238 739 4279 A:
758 4237 896 4292 argumenti
912 4237 934 4278 in
956 4249 1029 4290 marg.
1050 4236 1095 4278 ulia
1115 4248 1198 4286 martin

207 4305 237 4347 ib.
258 4304 351 4348 slllCls':
372 4317 492 4347 courmune
511 4305 581 4351 r'dco:
600 4306 631 4347 ih.
652 4305 684 4347 ll:
703 4318 749 4348 raon
769 4311 869 4360 oportet.
946 4317 981 4348 ao.
1002 4305 1032 4348 B:
1051 4306 1118 4348 iuxta
1137 4311 1198 4347 erent.

209 4386 238 4416 ar.
255 4375 286 4416 ll:
303 4375 402 4417 lncncr'o
418 4376 485 4417 enim
529 4375 559 4418 25.
572 4374 623 4418 CR:
639 4377 786 4418 volantum:
801 4375 831 4416 ib.
844 4376 874 4418 ll:
890 4382 931 4417 aar
942 4375 997 4418 vini.
1040 4374 1076 4418 26.
1088 4375 1118 4418 E:
1131 4377 1199 4431 peius

205 4458 280 4501 panna.
334 4444 629 4500 30.fignrer‚·1·::fierer,·
648 4447 678 4489 ib.
695 4446 727 4489 ll:
745 4445 836 4489 Christi
848 4459 903 4490 ease.
