3046 4920
148 446 252 497 xr.vt11
657 448 936 503 tamonucrtorr.

138 621 175 685 of
203 636 326 704 greater
360 623 487 705 length:
525 624 650 687 Posiciu
692 624 841 707 discipuli
876 624 1034 705 Magislri
1068 622 1229 686 lobannis
1266 624 1449 710 (Wilrlefi),

133 726 296 809 -probably
316 726 368 788 the
386 728 476 789 work
500 725 538 789 of
557 747 575 789 a
599 726 703 789 friend
726 729 762 790 of
783 728 864 789 llus.
889 726 960 789 The
983 739 1115 789 tractate
1138 726 1247 807 begins
1271 718 1362 793 thus‘:
1386 730 1446 793 “ln

141 829 272 892 materia
297 831 336 893 de
360 829 537 895 Eucaristia
563 843 611 893 est
634 831 773 914 quedam
807 829 931 912 posicio
964 829 1103 892 heretica
1134 848 1198 913 que
1228 828 1323 914 ponit
1355 834 1447 919 quod

137 936 230 1017 panis
256 934 430 999 materialis
453 935 509 1019 qui
533 934 734 997 convertitur
756 934 787 995 in
812 951 929 1017 corpus
953 931 1072 996 Christi
1095 953 1153 1017 per
1182 934 1445 1001 benediccionem

137 1058 203 1102 non
238 1052 346 1102 manet
373 1018 406 1102 in
435 1037 500 1102 fine
538 1037 639 1120 ipsius
672 1036 927 1101 conversionis”.
963 1037 1069 1101 There
1102 1037 1228 1104 follows
1260 1059 1278 1102 a
1304 1040 1444 1104 detailed

140 1145 321 1228 exposition
345 1144 381 1207 of
402 1161 497 1226 every
520 1160 633 1205 reason
658 1139 729 1203 that
752 1160 810 1204 can
835 1141 874 1203 be
896 1142 1018 1226 alleged
1041 1142 1167 1227 against
1193 1144 1257 1207 this
1286 1144 1444 1229 position.

142 1248 214 1311 The
236 1249 367 1313 defense
389 1245 479 1311 often
504 1244 643 1310 imitatos
668 1244 722 1309 the
750 1266 883 1312 manner
909 1248 971 1312 and
1005 1269 1085 1312 even
1118 1248 1226 1333 copies
1257 1247 1312 1312 the
1333 1250 1444 1313 words

140 1352 177 1415 of
200 1351 330 1437 Wyclif,
353 1352 416 1413 and
440 1351 543 1414 closes
567 1370 601 1412 as
631 1348 772 1415 follows:

241 1456 305 1519 “Et
328 1474 384 1539 per
406 1453 465 1517 hec
488 1467 576 1536 patet
600 1454 725 1517 solucio
749 1456 788 1517 ad
814 1455 963 1520 forciores
990 1456 1136 1540 argucias
1167 1456 1200 1520 in
1223 1456 1284 1520 hac
1307 1458 1443 1523 materia

45 1604 55 1615 ·
121 1562 307 1653 faciendas,
331 1558 460 1622 racione
483 1578 623 1641 quarum
647 1560 731 1623 dicta
749 1559 869 1643 posicio
885 1560 1064 1659 improbata
1081 1580 1146 1623 non
1161 1561 1332 1625 attendens
1349 1564 1441 1648 quod

140 1665 236 1730 nichil
263 1664 386 1727 realiter
420 1663 616 1749 convertitur
652 1664 684 1727 in
717 1684 835 1749 corpus
866 1665 1075 1729 conversione
1108 1664 1194 1749 reali,
1228 1664 1375 1729 distincta
1400 1686 1441 1729 ex

138 1771 289 1855 opposito
322 1782 432 1834 contra
467 1769 740 1850 sacramentalem,
774 1769 863 1854 quod
896 1789 961 1833 non
993 1785 1041 1834 est
1072 1770 1155 1833 idem
1173 1770 1375 1834 naturaliter
1406 1771 1440 1833 in

54 1870 68 1900 '⁰
138 1896 286 1955 numero,
320 1874 398 1939 false
421 1874 523 1938 credit
550 1876 640 1958 quod
664 1874 696 1937 in
719 1874 921 1939 confeceione
945 1874 1110 1938 eucaristie
1142 1873 1234 1958 panis
1266 1875 1441 1939 materialis

138 1981 261 2046 realiter
285 1979 488 2043 convertitur
511 1978 542 2040 in
575 1998 693 2061 corpus
717 1978 835 2042 Christi
869 1980 1077 2043 conversione
1111 1980 1184 2041 reali
1217 1979 1368 2042 distincta
1399 2000 1440 2043 ex

136 2086 290 2170 opposito
313 2096 424 2149 contra
450 2082 665 2166 figurativam,
690 2098 722 2147 et
746 2104 801 2167 per
824 2083 885 2146 hoc
908 2084 1018 2148 incidit
1041 2083 1288 2166 dampnabiliter
1322 2084 1354 2146 in
1387 2085 1438 2147 in·

138 2191 245 2255 finitos
270 2211 390 2254 errores
414 2190 489 2253 inde
512 2203 694 2273 sequentes.
728 2190 774 2251 Ex
805 2209 868 2272 qua
902 2189 1068 2253 solucione
1100 2189 1209 2251 videre
1241 2202 1344 2272 potest
1369 2189 1440 2272 ipsa

139 2297 261 2380 posieio
286 2296 369 2359 clare
393 2315 484 2359 suum
510 2293 647 2357 heresim
678 2294 709 2356 in
743 2315 807 2382 qua
839 2295 934 2357 nimis
969 2293 1025 2357 diu
1057 2294 1156 2356 iacuit
1187 2293 1227 2356 ad
1260 2293 1440 2357 maximum

138 2403 317 2484 dampnum
347 2400 479 2464 ecclesie
513 2414 543 2463 et
575 2419 632 2482 per
664 2398 766 2481 ipsam
806 2401 923 2463 claram
966 2400 1120 2462 visionem
1154 2399 1294 2462 converti
1330 2411 1440 2481 potest

136 2505 260 2570 infinita
286 2506 344 2568 Dei
372 2505 477 2588 gracia
507 2504 680 2567 adiuvante
703 2524 721 2565 a
744 2524 801 2566 sua
825 2504 927 2568 heresi
955 2504 995 2566 ad
1025 2502 1096 2566 fidei
1126 2504 1315 2567 unitatem.
1341 2551 1349 2566 .
1373 2552 1380 2567 .
1405 2509 1438 2569 .”

242 2612 350 2674 When
384 2612 456 2674 Hus
490 2611 552 2672 and
586 2609 635 2672 his
669 2608 787 2671 friends
820 2608 983 2694 definitely
1021 2610 1129 2692 parted
1164 2628 1326 2693 company
1357 2609 1438 2673 with

140 2717 328 2793 Stanislaus,
353 2714 406 2779 the
423 2717 525 2794 latter,
549 2715 624 2776 who
642 2714 703 2777 had
729 2734 808 2776 once
833 2716 910 2776 been
928 2734 964 2777 so
980 2735 1080 2777 warm
1108 2735 1147 2775 an
1165 2716 1318 2777 advocate
1332 2712 1370 2775 of
1384 2712 1439 2776 the

135 2826 176 2901 45
202 2823 356 2900 articles,¹
381 2834 480 2883 wrote
504 2841 522 2882 a
546 2819 635 2882 work
660 2819 709 2881 De
735 2817 877 2901 Corpore
902 2819 1029 2899 Christi,
1060 2821 1090 2881 in
1116 2818 1189 2880 nine
1213 2821 1370 2901 chapters,
1402 2819 1441 2883 of

139 2927 242 2990 which
268 2947 346 2989 even
372 2926 425 2989 the
458 2927 605 3003 number,
639 2925 819 3009 coinciding
850 2925 927 2987 with
961 2925 1015 2987 the
1048 2924 1193 3007 chapters
1229 2923 1266 2985 of
1290 2923 1440 3007 Wyclil's

138 3030 275 3105 treatise,
300 3031 408 3093 shows
433 3031 500 3094 that
522 3031 576 3093 the
600 3030 720 3092 author
742 3030 803 3092 had
828 3031 963 3113 perused
988 3044 1019 3092 at
1036 3031 1116 3092 least
1133 3029 1172 3092 its
1189 3042 1275 3093 most
1290 3028 1439 3091 essential

138 3157 296 3221 passages.
321 3137 370 3198 He
394 3136 594 3199 endeavours
620 3136 732 3197 indeed
758 3148 791 3197 to
817 3133 916 3197 refute
940 3133 1089 3218 Wyclil's
1112 3147 1306 3216 arguments,
1329 3133 1386 3195 but
1410 3133 1438 3195 is

138 3242 310 3327 obviously
334 3253 392 3304 not
414 3240 510 3324 equal
532 3254 569 3303 to
594 3241 648 3304 the
671 3239 751 3318 taslc,
774 3241 837 3301 and
862 3239 1021 3323 evidently
1045 3259 1111 3300 saw
1135 3238 1209 3300 how
1231 3236 1370 3301 difficolt
1384 3238 1437 3301 his

135 3348 308 3431 enterprise
331 3367 408 3426 was,
432 3367 465 3408 as
488 3345 528 3407 he
551 3345 795 3426 aelrnowledges
819 3359 851 3406 at
873 3345 928 3407 the
952 3344 1125 3427 beginning
1150 3344 1187 3407 of
1208 3343 1267 3408 Ch.
1293 3342 1334 3407 ll:
1368 3344 1434 3407 “Et

138 3453 266 3516 videtur
289 3452 383 3515 nimis
406 3450 535 3514 difficile
559 3452 608 3513 vel
632 3452 722 3535 quasi
747 3450 945 3533 impossibile
968 3448 1137 3513 efficaciter
1157 3447 1324 3511 defendere
1347 3450 1438 3532 quod

138 3578 202 3619 non
226 3573 389 3621 remaneat
422 3555 514 3639 panis
538 3568 611 3639 post
635 3557 913 3618 consecracionem
937 3602 1074 3620 .....
1077 3560 1098 3588 ”
1132 3554 1180 3617 l·le
1209 3553 1437 3639 unreservedly

138 3677 265 3745 accepts
289 3662 342 3725 the
365 3660 508 3724 doctrine
531 3659 568 3723 of
588 3659 641 3722 the
666 3660 812 3724 Church:
838 3660 1054 3722 “Tenendum
1082 3659 1241 3742 estquod
1265 3677 1381 3741 corpus
1404 3671 1437 3720 et

137 3767 267 3849 sanguis
300 3765 421 3830 Christi
461 3780 535 3848 post
572 3764 849 3827 consecracionem
888 3764 948 3826 sub
982 3764 1150 3845 speciebus
1184 3762 1274 3846 panis
1307 3776 1338 3824 et
1370 3761 1436 3824 vini

136 3872 288 3936 veraciter
298 3872 513 3950 continentur,
530 3868 756 3933 substantiatis
772 3889 854 3953 pane
864 3868 896 3932 in
914 3888 1028 3952 corpus
1046 3882 1077 3931 et
1092 3868 1167 3930 vino
1184 3868 1214 3929 in
1233 3866 1435 3950 sanguinem,

242 4243 249 4283 ¹
267 4246 338 4298 Olim
358 4241 428 4296 enim
442 4238 468 4295 in
481 4238 690 4309 congregacione
703 4236 877 4292 universitatis
890 4237 967 4291 studii
982 4235 1121 4305 Pragensis
1134 4235 1259 4307 arguebat
1277 4238 1351 4305 quod
1363 4234 1436 4288 XLV

135 4328 170 4384 illi
185 4330 283 4384 articuli
304 4350 355 4382 trun
376 4344 437 4383 sunt
456 4343 483 4382 ut
503 4332 604 4381 erronei
626 4330 806 4396 impugnandi.
826 4328 901 4379 Unde
921 4339 1028 4394 propter
1049 4329 1105 4377 eius
1119 4338 1302 4393 rtrgumenttrm
1317 4326 1437 4376 seniores

136 4422 258 4472 doctores
278 4423 310 4471 cle
329 4420 539 4486 congregacione
557 4420 701 4480 exiverunt,
720 4417 829 4468 tolerare
848 4416 914 4466 illud
933 4417 1060 4465 nolentes.
