3046 4920
205 454 272 501 err.
287 441 352 531 vu]
545 464 590 514 na
610 461 853 514 aucaarustnt.

206 615 339 681 fideliter
364 622 495 682 reddere
516 619 675 681 racionem
701 617 774 680 fidei
799 633 830 680 et
853 617 941 680 illam
964 617 1087 680 mundo
1105 630 1191 698 post·

206 725 313 805 posito
342 725 511 787 defendere
544 738 575 784 et
602 724 728 784 docere.
762 722 903 801 Videtur,
933 723 1076 805 inquam,
1104 722 1192 804 quod

205 849 302 892 omne
321 830 469 892 sensibile
492 828 639 890 accidens
662 826 696 888 in
718 847 807 890 sacra
829 827 933 890 hostia
950 827 1037 889 iuxta
1053 828 1191 910 descrip-

206 933 331 996 cionem
349 931 538 995 sacramenti
555 931 595 994 sit
611 945 849 995 sacramentum
860 933 909 994 vel
920 933 1032 994 saltem
1046 931 1193 993 accidens

182 1038 359 1102 §adiuvans
381 1035 585 1116 sacramenti,
608 1038 664 1099 sed
680 1035 759 1099 fides
775 1035 940 1100 tractantis
955 1049 1192 1098 sacramentum

205 1154 237 1203 et
269 1138 483 1204 sanctificacio
523 1141 580 1202 Dei
615 1140 821 1222 spiritualiter
857 1140 968 1203 iuvant
1005 1154 1037 1202 et
1074 1138 1193 1202 faciunt

205 1259 451 1308 sacramentum.
493 1244 578 1307 Cum
610 1259 719 1308 autem
752 1265 850 1308 omne
882 1265 940 1327 per
970 1244 1115 1307 accidens
1153 1245 1194 1307 sit

205 1348 379 1411 reducibile
411 1351 450 1410 ad
483 1349 615 1433 aliquod
648 1369 705 1432 per
734 1369 777 1428 se,
810 1362 897 1432 patet
928 1348 1016 1433 quod
1046 1363 1092 1412 est
1119 1348 1194 1411 dare

206 1453 454 1516 substancialem
470 1456 647 1517 essentiam
665 1454 715 1516 vel
735 1468 881 1516 naturam
897 1452 1113 1516 accidentibus
1131 1452 1193 1514 illis

166 1558 414 1633 rosubstratam;
446 1560 501 1620 sed
530 1559 569 1620 ad
594 1558 756 1621 racionem
783 1558 871 1620 illam
898 1558 1054 1622 debemus
1077 1578 1192 1641 parum

206 1663 368 1725 attendere
397 1664 451 1724 sed
481 1663 513 1725 in
543 1662 706 1726 racionem
736 1663 785 1726 sui
809 1663 924 1747 signati
947 1676 1050 1726 totam
1074 1662 1193 1744 cogita·

177 1766 181 1775 ’
206 1767 335 1830 cionem
359 1782 503 1831 nostram
527 1769 731 1851 suspendere.
765 1768 805 1830 Et
833 1767 891 1830 hec
917 1782 965 1830 est
986 1768 1072 1831 racio
1095 1787 1193 1851 quare

206 1872 306 1935 sancti
337 1872 446 1936 dicunt
474 1894 590 1955 panem
619 1872 762 1936 converti
790 1871 823 1934 in
851 1892 967 1955 corpus
997 1872 1113 1937 Christi
1143 1873 1193 1934 vel

206 1993 455 2057 sacramentum,
480 1999 593 2062 ymmo
610 1999 726 2060 panem
742 1997 809 2040 esse
829 1997 945 2060 corpus
962 1976 1091 2052 Christi,
1109 1977 1191 2040 sicut

166 2081 344 2147 r5dicimus
373 2100 572 2164 peccatorem
604 2082 746 2146 converti
779 2102 796 2144 a
829 2083 973 2145 membro
1003 2081 1130 2165 dyaboli
1159 2083 1192 2143 in

207 2185 311 2249 lilium
336 2187 409 2266 Dei;
435 2208 498 2271 que
521 2188 688 2251 conversio
716 2201 763 2250 est
790 2187 892 2269 magis
920 2186 1072 2250 mirabilis
1094 2206 1193 2270 quam

207 2291 374 2353 conversio
404 2292 602 2355 sacramenti.
637 2293 699 2355 Sed
732 2293 844 2354 nullibi
873 2291 904 2354 in
938 2291 1005 2355 istis
1032 2287 1400 2363 miraculis'we‚ret-errat

206 2413 336 2480 oportet
359 2399 447 2481 quod
469 2398 553 2460 Deus
577 2399 718 2459 destruat
740 2396 985 2460 substancialem
1009 2396 1192 2474 essentiam,
1223 2359 1389 2453 illidii}

206 2503 261 2565 sed
286 2517 390 2566 mutat
414 2504 518 2585 ipsam
539 2503 569 2564 in
588 2503 702 2565 melius
718 2503 876 2565 servando
892 2516 1050 2565 naturam.
1075 2502 1116 2563 Et
1132 2500 1192 2562 hoc
1238 2463 1371 2559 siissii‘ii'i.

165 2633 197 2668 20
206 2627 405 2670 servaremus
419 2628 479 2671 nos
496 2608 550 2691 qui
568 2607 662 2689 signa·
675 2622 802 2669 tantum
817 2606 1028 2685 attendimus3
1045 2605 1192 2668 Christus

207 2712 292 2773 enim
320 2713 483 2775 ordinavit
513 2734 572 2775 nos
605 2712 772 2774 comedere
800 2726 832 2774 et
859 2711 964 2774 bibere
992 2710 1131 2773 hostiam
1160 2710 1192 2771 in

207 2816 266 2879 hiis
284 2818 387 2897 rebus,
405 2832 441 2879 ut
458 2816 630 2898 figurarent
646 2830 774 2899 pastum
790 2817 896 2879 anime
915 2830 1067 2900 tanquam
1085 2814 1192 2877 finem.

207 2921 247 2984 Et
264 2923 387 2984 utinam
404 2923 480 2983 tales
503 2924 641 2985 cultores
664 2922 882 2984 accidentium
899 2940 965 2984 non
988 2921 1093 2984 sinte
1117 2921 1192 2983 sub·

206 3026 323 3088 stancia
358 3028 500 3109 corporis
533 3027 663 3089 ecclesie
695 3026 902 3105 exsufflandi3
941 3039 1068 3108 ponunt
1105 3026 1192 3086 enim

164 3143 194 3194 πᾶ
207 3131 348 3212 religioni
363 3131 481 3195 Christi
496 3132 637 3194 accidere
653 3146 754 3194 totam
773 3132 915 3212 regulam
931 3150 1029 3213 quarn
1046 3129 1192 3193 Christus

206 3236 333 3300 tradidit
357 3238 456 3299 etsie
480 3237 511 3298 in
529 3237 745 3299 accidentibus
762 3237 986 3314 involvuntur;
1010 3235 1082 3318 plus
1105 3234 1192 3296 enim

205 3344 428 3425 appreciantur
452 3356 577 3404 terrena
601 3362 663 3425 que
686 3341 831 3404 adiacent
854 3361 951 3424 quam
976 3339 1120 3403 virtutas.

439 3557 698 3632 CAPITULUM
724 3556 966 3632 SEPTIMUM.

251 3715 292 3777 Ut
324 3728 432 3775 autem
465 3734 481 3773 a
517 3727 716 3775 sacramento
745 3711 885 3774 veritatis
914 3711 1028 3773 clarius
1062 3709 1192 3792 lugetur

164 3817 335 3888 rotatsiras,
363 3833 459 3880 restat
483 3818 764 3879 transcurrendum
791 3837 847 3898 per
871 3817 931 3877 alia
956 3815 1051 3876 dubia
1074 3816 1191 3898 quibus

206 3925 291 3985 scola
314 3923 474 4003 theologie
500 3924 593 3983 nimis
618 3922 752 3983 inaniter
776 3936 951 3996 accusatur,
977 3934 1007 3982 et
1024 3921 1129 4001 primo
1154 3921 1192 3980 dc

257 4160 280 4198 a.
288 4146 306 4190 5.
316 4145 347 4189 C:
357 4146 388 4188 si!
400 4170 418 4176 -
432 4149 575 4188 sectaremini
584 4147 606 4188 in
619 4157 692 4198 marg.
703 4146 746 4187 nlla
757 4157 836 4187 manu.
878 4156 897 4197 7.
908 4142 938 4185 E:
949 4141 982 4190 fil.
1024 4142 1045 4186 8.
1055 4142 1085 4186 E:
1095 4141 1191 4198 aliquid.

207 4215 234 4260 ri
251 4217 326 4260 null:
342 4217 451 4259 corrrurlr'
463 4218 539 4260 deest:
555 4216 586 4259 C:
603 4216 624 4257 in
642 4227 715 4268 marg.
731 4215 774 4257 alia
790 4227 868 4256 manu.
923 4212 952 4255 ¹8.
969 4211 1191 4255 annunciarem.

206 4299 238 4329 22.
255 4287 286 4329 lt:
295 4287 427 4342 signrtnet.
487 4287 519 4329 25.
535 4291 623 4327 amram
637 4286 753 4341 regulatur.
813 4296 846 4338 27.
862 4284 895 4327 C:
909 4289 1005 4325 terrena
1021 4283 1043 4325 in
1060 4295 1132 4337 marg.
1148 4283 1192 4325 alia

206 4369 284 4400 manu.
327 4357 361 4398 ab.
373 4357 424 4400 t:··.:
443 4358 499 4411 Cap.
516 4356 560 4398 l'll.
576 4356 648 4398 deest.
690 4366 725 4407 29.
743 4355 769 4398 ll:
786 4354 816 4397 12·ae
830 4359 855 4396 tet
868 4367 897 4397 a:
911 4352 1006 4396 Attclt:
1021 4356 1099 4395 utitem
1113 4353 1187 4404 deest;

206 4429 235 4471 ib.
254 4429 285 4470 ll:
305 4429 394 4471 clarius
409 4429 484 4470 deest:
506 4428 535 4469 ib.
554 4427 585 4469 D:
598 4426 738 4482 frigeretur.
793 4424 823 4468 31.
840 4424 870 4466 ll:
890 4424 1017 4466 occuratur.
