3046 4920
115 450 149 504 16
661 462 828 515 romnus
846 462 986 515 wrctrr
1198 440 1281 531 [cav-
1294 458 1313 505 ¹·

107 632 159 676 rie
174 632 248 707 petest
262 614 405 680 eoeifacit
426 619 477 682 vel
500 632 662 683 consecrat
683 620 798 683 cotidie
821 640 936 701 corpus
959 617 1095 697 Christi;
1127 636 1202 679 nam
1226 618 1313 679 Deus

109 686 313 794 biiii-'iiiviri
330 737 440 785 noster
467 743 533 787 non
561 737 609 788 est
633 725 719 785 Deus
747 743 853 786 recens
882 742 940 785 nec
967 741 1083 805 corpus
1111 739 1210 783 suum
1237 739 1313 783 cum

327 826 369 890 sit
397 846 526 891 summe
556 846 683 890 sacrum
713 840 809 909 atque
840 838 1033 908 perpetuum
1059 838 1108 887 est
1134 823 1180 885 sic
1210 843 1313 885 sacra·

328 934 467 995 mentale
495 931 544 995 vel
576 930 702 994 noviter
733 928 923 1007 faciendum,
955 929 1010 992 sed
1042 947 1102 992 nos
1133 928 1313 990 sacerdotes

328 1034 463 1100 facimus
480 1050 511 1099 et
527 1034 742 1098 benedicimus
764 1032 901 1097 bostiam
926 1046 1141 1096 consecratam
1165 1052 1229 1115 que
1245 1040 1337 1095 noni

327 1153 376 1203 est
398 1159 516 1223 corpus
543 1137 744 1202 dominicum
766 1138 820 1201 sed
845 1136 954 1201 efficax
978 1137 1047 1202 eius
1074 1137 1216 1219 signum.
1250 1137 1312 1200 lsta

326 1257 436 1307 autern
466 1242 648 1306 benediccio
676 1258 724 1305 est
751 1243 854 1305 maior
879 1264 977 1328 quarn
1000 1242 1182 1307 benediccio
1205 1241 1311 1305 calicis

325 1348 377 1409 vel
400 1347 530 1411 alterius
552 1346 732 1411 omementi
755 1347 949 1412 strictissime
972 1348 1127 1433 episcopo
1143 1362 1311 1425 reservata,

327 1451 420 1517 cuius
444 1471 573 1516 causum
590 1454 675 1515 Deus
699 1453 797 1516 novit.
821 1454 904 1517 Satis
927 1473 1004 1536 ergo
1026 1467 1073 1517 est
1094 1454 1135 1515 ad
1150 1452 1309 1515 honorem

112 1573 148 1618 uc
161 1580 311 1639 constantes
326 1573 359 1620 et
390 1556 574 1640 potenciam
604 1557 774 1621 sacerdotis
805 1558 893 1641 quod
925 1558 992 1641 ipse
1026 1556 1193 1633 benedicit,
1228 1575 1307 1618 con·
1324 1576 1354 1611 ιο

115 1628 309 1740 fhilili?
327 1675 429 1725 secret
451 1676 483 1724 et
502 1660 632 1726 conficit
653 1677 903 1739 sacramentum
926 1662 1014 1745 quod
1037 1675 1085 1724 est
1106 1659 1211 1725 hostia
1233 1679 1310 1723 con·

104 1737 318 1840 iiffiiisiiisiiii
326 1780 449 1831 secrato
476 1780 509 1831 et
537 1787 602 1830 non
634 1786 749 1849 corpus
772 1766 890 1830 Christi
920 1766 975 1829 sed
1007 1765 1075 1829 eius
1107 1765 1237 1848 signum
1259 1764 1310 1827 vel

325 1884 567 1955 tegumentum3
600 1872 685 1934 unde
711 1870 785 1954 quia
811 1871 958 1935 sacerdos
986 1890 1052 1933 non
1080 1869 1176 1932 habet
1202 1883 1308 1951 potes·

325 1988 425 2039 tatem
441 1974 577 2038 faciendi
600 1975 662 2038 hoc
685 1991 918 2038 sacramentum
942 1975 1000 2036 nisi
1017 1973 1224 2037 ministeriale
1238 1975 1307 2036 Deo

324 2080 541 2163 principaliter
568 2078 712 2159 iaciente,
740 2080 811 2143 ideo
834 2079 947 2143 dicitur
968 2078 1121 2143 conficere
1145 2098 1210 2142 non
1235 2082 1350 2141 cor-15

325 2205 386 2267 pus
411 2184 529 2249 Christi
554 2187 609 2247 sed
634 2186 755 2248 nudum
780 2197 1024 2263 sacramentum,
1052 2198 1083 2247 et
1105 2185 1151 2247 sic
1176 2197 1308 2266 propter

325 2290 525 2353 sanctitatem
552 2290 615 2353 vite
645 2305 675 2352 et
702 2310 767 2353 non
795 2304 923 2373 propter
949 2289 1029 2353 illud
1055 2289 1137 2352 adeo
1164 2304 1212 2351 est
1238 2289 1307 2350 lnu·

325 2396 461 2458 dandus.
495 2396 535 2458 Et
563 2395 608 2459 sic
636 2395 731 2459 missa
757 2396 926 2458 sucerdotis
953 2394 1052 2457 sancti
1080 2406 1128 2457 est
1155 2393 1306 2457 devocius

323 2500 484 2563 audienda
516 2514 547 2563 et
577 2500 675 2563 missa
707 2501 878 2582 peccatoris
912 2499 1028 2563 notorii
1061 2512 1109 2561 est
1143 2497 1307 2581 fugienda.

325 2606 392 2667 Nec
421 2605 557 2668 emimus
586 2603 733 2687 suffragia
762 2605 963 2667 sacerdotum
990 2603 1125 2687 pecunia
1153 2602 1209 2664 sed
1237 2602 1351 2664 sineno

323 2711 543 2772 convencione
580 2708 662 2772 civili
700 2709 902 2772 retribuimus
940 2709 983 2770 eis
1021 2709 1083 2770 vite
1117 2707 1305 2783 necessaria,

323 2815 407 2877 sicut
438 2814 615 2897 Apostolus
647 2815 740 2877 docet
772 2834 839 2877 esse
874 2812 1053 2876 faciendum
1088 2832 1162 2875 cum
1201 2813 1305 2894 predi·

324 2920 485 2982 tatoribus
507 2919 609 2982 lCor.
626 2920 678 2982 lX.
703 2920 785 2981 Nota
807 2934 911 2981 tamen
934 2920 1022 3003 quod
1045 2919 1127 2981 sicut
1148 2917 1305 2981 laudative

323 3044 388 3086 non
413 3023 556 3087 effective
580 3024 792 3086 benedicimus
816 3039 881 3086 tam
899 3025 965 3085 Deo
981 3044 1079 3107 quam
1092 3023 1236 3105 domino,
1261 3022 1304 3083 sic

323 3146 353 3192 et
381 3129 599 3192 benedicimus
626 3129 749 3210 corpori
773 3127 889 3191 Christi
917 3143 948 3190 et
975 3127 1133 3211 sanguini,
1167 3148 1230 3190 non
1261 3125 1347 3188 fei-25

322 3234 438 3297 ciendo
461 3234 568 3317 ipsum
593 3254 661 3296 esse
678 3234 807 3296 beatum
823 3233 872 3295 vel
889 3247 1046 3314 sanctum,
1068 3233 1122 3294 sed
1139 3231 1303 3295 laudando

322 3356 352 3402 et
382 3339 618 3421 promulgando
651 3340 851 3400 sanctitatem
880 3353 909 3400 et
943 3338 1171 3401 beatitudinem
1203 3356 1301 3420 quam

323 3445 411 3506 Deus
443 3445 475 3505 in
506 3463 638 3526 corpore
671 3463 730 3505 suo
765 3443 912 3519 instituit,
945 3458 974 3505 et
1006 3443 1050 3503 sic
1084 3444 1302 3524 ymmolamus

323 3547 491 3612 Christum
516 3561 546 3609 et
570 3548 676 3630 ipsum
700 3546 862 3609 offerimus
888 3548 955 3608 Deo
978 3547 1069 3628 patri.

366 3654 452 3716 Nota
484 3653 585 3714 eciam
618 3653 748 3715 ulterius
780 3653 819 3712 ad
851 3652 1071 3733 accepcionem
1106 3652 1304 3733 spiritualem
1315 3652 1348 3703 30

321 3758 465 3841 corporis
490 3756 605 3821 Christi
635 3759 720 3839 quod
751 3776 815 3818 non
844 3756 984 3819 consistit
1013 3757 1044 3817 in
1073 3756 1227 3839 corporali
1253 3777 1304 3818 ac·

375 3959 390 3990 r.
406 3944 437 3991 E:
457 3946 549 3999 conficit
561 3949 691 3990 consecrat.
769 3942 788 3989 3.
803 3944 856 3988 All:
874 3945 906 3986 rr't
922 3944 998 3997 dcem
1017 3944 1048 3988 ib.
1063 3944 1096 3987 ll:
1115 3949 1139 3988 et
1153 3951 1305 4002 perpetuum

320 4016 352 4061 E:
368 4029 404 4061 oc.
459 4014 478 4065 3,
488 4030 511 4068 4.
526 4016 559 4060 D:
573 4014 606 4059 rit
617 4016 794 4059 eucrorttetthclc.
848 4013 868 4058 S.
885 4014 916 4057 ll:
931 4014 1096 4067 secretissime;
1109 4014 1140 4059 ib.
1152 4014 1184 4058 ll:
1198 4023 1303 4061 servato.

320 4102 344 4143 [t.
359 4086 413 4131 AB:
428 4086 508 4130 datum
521 4098 598 4142 erpo5
612 4084 643 4128 C:
657 4084 729 4136 datm·
742 4084 840 4129 correxi.
888 4097 916 4128 ιε.
933 4085 964 4129 ll:
979 4084 1020 4127 sed
1032 4097 1086 4128 uon.
1135 4098 1167 4139 ¹4·
1183 4086 1212 4129 lt:
1228 4087 1303 4131 misle-

319 4157 389 4200 rr'ale.
431 4168 464 4213 ¹9·
475 4155 507 4199 u:
522 4160 558 4201 es!
571 4154 643 4199 deust.
683 4152 714 4198 23.
726 4155 755 4198 lt:
770 4167 816 4198 non
827 4160 918 4205 tarnem
931 4156 986 4198 All:
1000 4160 1076 4199 tomen
1087 4187 1093 4198 .
1105 4188 1110 4199 .
1121 4188 1127 4199 .
1139 4188 1144 4198 .
1154 4157 1216 4199 er'crrt
1229 4157 1302 4200 deest.

320 4238 357 4278 ar·
372 4224 462 4270 eoru:
479 4225 559 4269 Deum.
609 4223 641 4268 25.
657 4223 708 4268 BD:
722 4228 745 4268 et
757 4223 828 4268 deest.
878 4234 911 4279 ²7-
927 4224 1001 4269 Aue:
1016 4229 1039 4269 et
1052 4224 1215 4270 beatitudinem
1229 4226 1302 4269 deust.

320 4298 355 4338 2⁸.
372 4294 402 4339 C:
418 4294 480 4339 Dens
494 4295 566 4339 deest.

377 4419 398 4454 t.
417 4403 457 4454 Cf.
476 4403 594 4465 Lechler‚
611 4402 712 4453 lohann
731 4419 783 4453 von
797 4403 893 4464 Wiclil,
911 4405 929 4465 l,
948 4402 1007 4454 boli.
