3046 4920
181 457 254 505 cae.
267 443 309 532 n}
526 464 572 516 oa
592 461 839 516 aucunntsrtn.
1347 465 1393 520 ·49

183 617 308 683 facilius
335 622 524 685 detexerunt
551 619 758 684 credendum.
790 617 876 683 Cum
903 618 989 680 enim
1017 620 1176 682 transsub·
1190 629 1394 727 llffsssslnssflfn

183 725 330 789 stanciari
358 726 399 789 sit
426 725 583 788 terminus
612 723 811 806 magistralis,
840 724 912 787 licet
940 722 1023 787 fideli
1056 724 1180 787 trahere
1194 731 1302 809 meaning
1316 743 1339 778 «ο
1354 737 1391 778 ιῑιι·

183 829 254 893 eius
275 828 549 912 significacionem
573 828 613 892 ad
637 849 865 914 quemcunque
888 849 1019 893 sensum
1043 829 1177 892 katholi·
1194 795 1390 883 dillhlili'ii:

184 954 261 999 cum
293 935 519 1018 particularem
543 947 576 997 et
597 933 642 997 sic
667 934 792 998 videtur
823 935 972 1018 ambigue
995 949 1026 998 et
1053 934 1178 998 incom-

157 1040 270 1122 3plete
287 1040 420 1103 innuere
435 1037 534 1103 fidem
552 1038 684 1103 ecclesie
699 1040 739 1103 de
753 1040 940 1103 Eukaristia.
958 1040 1054 1103 Aliud
1070 1051 1179 1103 autem

184 1146 350 1209 decretum
376 1143 516 1228 explicat
543 1145 717 1229 quomodo
743 1165 827 1229 papa
854 1160 886 1208 et
912 1145 1044 1207 sinodus
1071 1145 1177 1208 decre·

184 1262 301 1313 verunt
327 1248 360 1311 in
384 1248 569 1332 Beriogario
601 1250 772 1333 quomodo
800 1249 891 1332 panis
923 1264 954 1312 et
975 1249 1089 1313 vinum
1115 1268 1179 1333 qne

185 1354 219 1416 in
256 1355 344 1418 altari
380 1369 549 1438 ponuntur
589 1369 759 1418 remanent
791 1368 865 1437 post
902 1354 1178 1419 consecracionem

186 1477 255 1522 non
287 1459 395 1525 solum
428 1475 668 1524 sacramentum
701 1460 757 1522 sed
788 1459 890 1522 eciam
916 1478 1029 1523 verum
1060 1478 1178 1542 corpus

141 1562 314 1634 roChristi’
333 1580 364 1630 et
391 1565 533 1650 sanguis.
568 1565 664 1629 Unde
691 1564 771 1628 illud
798 1565 993 1629 credendum
1019 1580 1055 1629 ut
1081 1564 1180 1628 fidem

185 1669 273 1735 misit
289 1691 372 1754 papa
387 1669 528 1735 iocunde
543 1669 678 1734 diversis
692 1670 842 1734 ecclesiis.
859 1669 946 1735 Cum
962 1690 1038 1754 ergo
1050 1669 1177 1753 signum

186 1775 351 1840 materiale
377 1773 589 1840 decretalium
611 1775 663 1838 vel
690 1777 892 1840 decretorum
915 1775 956 1840 sit
983 1775 1178 1860 inpertinens

185 1878 259 1944 fidei
281 1900 382 1965 quam
404 1880 503 1947 sentit
518 1881 651 1945 ecclesia
667 1894 700 1945 et
715 1895 803 1946 tanta
821 1883 870 1945 vel
894 1881 999 1945 maior
1020 1882 1179 1945 relucebat

185 1986 219 2049 in
236 1987 367 2051 ecclesia
383 1986 483 2071 priori
500 1987 688 2065 auctoritas,
711 1986 839 2052 videtur
860 1988 949 2073 quod
972 1987 1097 2052 tollitur
1112 1988 1177 2051 evi·

142 2092 299 2159 rsdencia
321 2107 416 2176 capta
440 2113 478 2156 ea
502 2093 652 2157 decretali
681 2093 812 2158 ecclesie
836 2094 876 2157 de
899 2094 1178 2158 transsubstancia·

184 2198 278 2263 cione
304 2217 369 2282 qne
396 2197 525 2263 tolleret
552 2213 703 2264 naturam
730 2199 823 2283 panis
849 2212 882 2262 et
909 2199 971 2261 vini
1000 2213 1075 2281 post
1102 2219 1177 2263 con·

185 2303 399 2368 secrecionem
417 2304 522 2370 hostie
538 2324 714 2368 remanere.
738 2304 878 2382 Quodsi
894 2304 1017 2367 dicatur
1031 2304 1178 2368 doctores

184 2409 345 2491 gloaantes
381 2423 419 2474 nt
449 2409 578 2493 glosam
610 2429 821 2473 communem
854 2423 883 2473 et
906 2408 1178 2473 Archidiaconum

184 2534 258 2579 cnm
286 2515 399 2580 multis
426 2515 586 2598 theologis
620 2514 797 2598 intelligere
827 2534 883 2597 per
911 2534 1028 2598 panem
1056 2514 1178 2577 solum·

138 2621 284 2685 eomodo
312 2619 452 2685 lormam
483 2620 587 2704 panis,
619 2633 708 2703 patet
736 2622 824 2705 quod
853 2618 1029 2683 colotacius
1061 2619 1179 2682 diceret

184 2726 347 2809 expositor
385 2724 503 2809 prioris
541 2723 658 2788 decreti
694 2724 784 2809 quod
818 2723 869 2787 isti
901 2723 1097 2808 expositores
1128 2722 1178 2785 in·

184 2831 332 2915 telligunt
354 2850 412 2915 per
435 2829 575 2894 formam
598 2829 691 2913 panis
714 2843 745 2892 et
769 2828 834 2891 vini
859 2828 980 2891 realiter
1003 2827 1177 2891 essentiam

183 2935 233 2999 vel
265 2951 415 3000 naturam
450 2935 544 3019 panis
577 2947 609 2998 et
640 2932 706 2996 vini
739 2952 804 3017 que
835 2947 883 2996 est
914 2932 1037 2996 realiter
1070 2931 1177 3017 ipsum

183 3056 316 3125 corpus;
339 3054 370 3104 et
386 3039 432 3104 sic
456 3053 504 3104 est
519 3039 646 3104 locucio
662 3038 779 3103 decreti
796 3037 975 3122 expressior
995 3037 1087 3120 glosa
1110 3056 1177 3102 sua.

138 3144 404 3211 25Confirmatur
435 3145 541 3229 primo
574 3164 632 3227 per
664 3145 726 3207 hoc
758 3144 847 3228 quod
880 3142 1103 3206 inevitabiliter
1129 3161 1176 3205 se·

183 3251 293 3333 quitur
307 3265 599 3336 quantumcunque
615 3249 687 3313 rudi
704 3248 804 3313 loico:
829 3248 897 3312 Sub
913 3247 1016 3311 forma
1033 3246 1124 3330 panis
1147 3261 1178 3310 et

182 3355 247 3417 vini
264 3370 312 3418 est
327 3375 445 3439 corpus
462 3354 581 3420 Christi
605 3353 885 3434 sacramentaliter,
909 3372 987 3432 ergo
1010 3352 1063 3416 ille
1086 3350 1178 3435 panis

183 3474 214 3523 et
237 3460 316 3525 illud
340 3462 454 3525 vinum
478 3474 554 3524 sunt
576 3457 762 3523 substancia
785 3458 831 3521 illi
855 3457 958 3521 forme
982 3472 1014 3521 et
1031 3477 1088 3541 per
1103 3475 1176 3519 con·

182 3584 319 3650 sequens
335 3566 389 3629 illa
405 3565 559 3629 existente
575 3562 680 3628 forma
703 3562 888 3628 accidentali
913 3561 1003 3646 panis
1018 3575 1050 3625 et
1065 3561 1176 3624 vinum

137 3681 349 3734 seremanent
375 3668 509 3733 maioris
541 3669 766 3752 permanencie
799 3668 852 3732 illa
884 3666 997 3731 forma.
1029 3665 1178 3730 Secundo

183 3795 239 3859 per
266 3776 327 3839 hoc
355 3776 444 3858 quod
469 3769 620 3839 CXlV⁶¹¹¹¹
643 3773 787 3858 episcopi
817 3793 881 3835 non
910 3784 1178 3855 congregarentur

182 3882 223 3943 ad
246 3881 495 3944 discernendum
519 3881 607 3965 quod
638 3879 730 3964 panis
753 3893 785 3942 et
808 3878 920 3940 vinum
945 3876 1063 3960 quein
1087 3873 1177 3937 altari

182 4002 348 4069 ponuntur
362 3999 529 4049 manerent
541 3998 617 4068 post
628 3983 918 4065 consecracionem,
931 3982 956 4044 si
969 3980 1178 4063 intelligerent

233 4223 253 4256 a.
264 4212 297 4255 D:
312 4211 379 4255 racio
390 4210 546 4268 magistralt's.
587 4207 608 4261 3,
618 4221 641 4261 a.
654 4207 707 4252 DE:
717 4207 860 4252 katholicam
866 4205 1028 4262 pertinentem.
1069 4217 1092 4255 a.
1103 4202 1134 4247 E:
1144 4203 1179 4246 st'c

180 4284 254 4326 deest.
296 4294 324 4327 tt.
340 4282 373 4325 D:
388 4281 490 4325 locande
503 4281 578 4325 deest.
621 4279 693 4334 tau:
708 4278 784 4322 hostie
798 4279 871 4321 deest.
912 4275 944 4320 25.
960 4274 991 4318 D:
1007 4273 1176 4330 Consuadt'tar.

180 4353 218 4402 26.
233 4363 268 4408 η.
282 4352 315 4396 C:
330 4357 354 4395 et
367 4352 419 4396 vitri
431 4375 457 4385 -
471 4352 513 4395 tlte
522 4351 596 4408 porris
610 4350 655 4394 alia
671 4361 742 4393 manu
757 4349 780 4392 in
797 4359 871 4403 marg.
925 4345 959 4390 ²8.
976 4345 1005 4388 B:
1021 4344 1082 4388 illud
1094 4355 1177 4387 sarra·

180 4428 296 4472 natata:
309 4422 342 4466 ib.
356 4422 389 4466 Cr
403 4423 508 4466 sublecta
521 4421 659 4478 illisum.
714 4416 748 4463 33.
764 4418 797 4462 C:
811 4422 920 4466 manat:
934 4414 965 4458 E:
980 4418 1136 4458 remanerent.

1054 4504 1073 4552 4
