3046 4920
212 479 282 525 cir.
297 461 351 551 tn]
560 479 604 530 na
624 473 867 528 eucnamsrn.

214 641 341 703 varians
368 661 386 701 a
417 637 562 702 Mattheo
592 631 729 695 dimittit
756 633 840 694 enirn
869 645 900 693 et
930 632 961 692 in
985 631 1204 694 remissionem

208 756 431 828 peccatorum.
466 740 586 804 Paulus
616 756 694 799 vero
723 736 851 799 tradens
884 734 976 798 nobis
1008 736 1203 798 sentenciam

213 869 311 934 quam
346 847 473 929 accepit
505 864 523 905 a
554 841 695 904 Domino
732 841 753 906 l.
778 840 852 905 Cor.
877 840 936 904 Xl⁰
970 841 1014 903 sic
1047 840 1204 922 loquitur:

213 953 282 1017 Hic
301 953 392 1015 calis·
413 968 532 1011 nouum
557 956 783 1010 testamentum
806 956 854 1009 est
877 948 908 1006 in
934 964 1002 1007 meo
1027 945 1207 1028 sanguine,·

186 1060 272 1120 5iroc
285 1055 393 1141 facite
416 1052 696 1138 quocienscunque
720 1050 861 1115 biberitis
884 1051 915 1111 in
940 1069 1043 1112 rneom
1066 1067 1204 1113 comme·

213 1160 444 1225 rnoroeionem.
469 1157 533 1221 Sed
557 1156 597 1218 ab
620 1157 775 1219 omnibus
800 1156 866 1218 istis
883 1154 984 1217 variat
1000 1174 1076 1217 usus
1098 1168 1205 1218 nostre

212 1265 355 1342 ecclesie,
389 1277 426 1326 ut
458 1276 547 1346 patet
582 1260 679 1325 tercio
714 1260 920 1332 decretalium
955 1258 1033 1321 Cum
1063 1257 1204 1334 Morene,

211 1369 309 1435 titulo
325 1369 373 1431 De
384 1366 617 1433 celebracione
630 1366 810 1428 Missurum.
832 1364 916 1428 Cum
931 1384 1007 1445 ergo
1023 1364 1203 1427 secundum

211 1476 270 1537 has
302 1474 450 1558 quinque
484 1469 603 1534 formas
632 1470 791 1553 contingit
819 1487 893 1532 vere
922 1467 1089 1549 conficere,
1118 1483 1205 1551 patet

171 1604 202 1639 ιο
213 1578 388 1644 conclusio.
411 1579 473 1640 Per
482 1576 566 1639 hanc
579 1575 686 1658 itaque
697 1573 909 1637 variacionem
922 1573 1204 1656 quintimembrem

213 1686 372 1749 docemur
387 1682 665 1768 preponderanter
681 1679 720 1744 ad
737 1699 867 1743 sensum
891 1679 1054 1742 attendere
1070 1692 1102 1742 et
1116 1681 1203 1762 quod

214 1790 287 1853 talis
310 1788 450 1851 variacio
475 1787 647 1849 verborum
673 1805 737 1848 non
765 1799 813 1848 est
836 1786 874 1846 de
897 1784 1077 1848 substancia
1101 1804 1202 1847 sacra·

214 1895 331 1974 menti;
366 1912 442 1955 nam
476 1890 637 1973 contingit
668 1888 765 1975 (sicut
796 1891 836 1952 de
869 1889 952 1952 facto
975 1887 1125 1974 contigit)
1148 1909 1206 1973 per

213 2000 309 2062 verba
328 1999 464 2062 istarum
481 1996 627 2080 quinque
643 1994 820 2058 formarum
838 1993 1001 2074 conficere,
1017 1995 1093 2078 quin
1113 1993 1206 2058 aliter

172 2111 201 2161 15
213 2118 289 2167 ante
305 2104 402 2166 istam
417 2102 664 2165 ordinacionem
681 2100 828 2185 quintam
846 2119 883 2161 ex
898 2097 1024 2162 delectu
1047 2100 1205 2183 scripture

214 2206 388 2281 delicerent
412 2207 544 2270 ecclesie
567 2206 773 2290 sollempnes,
797 2224 907 2289 ymmo
930 2203 1033 2268 forent
1057 2205 1204 2290 ydolatre

215 2313 413 2397 decipientes
437 2331 471 2375 se
496 2312 583 2395 ipsos
607 2324 639 2374 et
653 2311 813 2395 populum
829 2330 865 2372 ex
882 2309 1018 2372 falsitate
1034 2308 1203 2392 scripture,

213 2434 244 2481 et
268 2418 313 2482 sic
336 2437 374 2481 ex
399 2417 588 2479 narracione
606 2416 872 2498 evangelistarum
890 2416 992 2478 tocius
1009 2429 1040 2478 et
1055 2416 1203 2479 omnium

214 2525 368 2588 titubaret
384 2524 573 2599 auctoritas,
597 2537 628 2586 et
643 2542 701 2606 per
716 2541 915 2605 consequens
936 2521 1097 2604 superflue
1113 2522 1202 2585 labo·

170 2645 297 2693 roraret
327 2628 533 2712 Augustinus
568 2648 625 2711 per
657 2641 760 2692 totum
795 2627 909 2689 librum
945 2628 991 2690 De
1020 2625 1201 2690 Concordia
1216 2636 1268 2681 rna
1283 2650 1323 2681 use
1338 2640 1365 2682 ot·
1378 2640 1416 2683 tue
1444 2648 1453 2657 ·

214 2734 507 2819 Evangelistarum.
531 2734 598 2796 Nec
621 2733 706 2797 valet
729 2733 834 2796 dicere
856 2732 943 2815 quod
965 2732 1098 2815 quintus
1119 2733 1202 2796 ordo
1216 2690 1415 2803 Riiiiiifiiiiih

212 2854 260 2904 est
305 2838 504 2902 necessarius
547 2853 622 2921 post
659 2837 912 2922 publicationem
956 2857 1033 2901 usus
1071 2838 1202 2900 ecclesie
1256 2802 1377 2894 ‘iiiiiiiaii

212 2947 361 3008 Romane
395 2958 426 3007 et
455 2964 520 3006 non
550 2957 636 3022 ante,
672 2943 747 3026 quia
775 2942 819 3005 sic
849 2941 955 3005 liceret
983 2963 1064 3025 pape
1093 2957 1203 3006 contra

212 3049 417 3132 evangelium
442 3047 638 3131 dispensare,
668 3049 736 3111 eius
765 3066 885 3110 errores
914 3047 1069 3129 corrigere
1093 3062 1124 3111 et
1147 3069 1204 3130 per

168 3158 200 3210 25
212 3173 416 3236 consequens
441 3172 564 3215 novum
581 3152 781 3236 evangelium
799 3155 838 3215 de
854 3166 921 3215 toto
938 3154 1090 3233 condere3
1114 3153 1202 3236 quod

211 3277 365 3343 suppono
394 3257 446 3321 hic
475 3278 492 3319 a
521 3257 643 3321 iuribus
672 3256 815 3320 fidelium
841 3278 908 3320 esse
932 3257 1094 3334 horribile,
1127 3276 1201 3321 cum

211 3365 339 3426 decreta
365 3363 592 3426 Romanorum
621 3361 811 3445 pontificum
840 3363 871 3424 in
901 3362 962 3425 fide
990 3362 1098 3445 sepius
1128 3363 1201 3424 titu-

213 3471 381 3549 baverunt,
422 3481 458 3531 ut
496 3480 584 3550 patet
618 3467 825 3530 distinctione
858 3467 941 3546 XVI,
981 3468 1121 3549 capitulo
1151 3466 1202 3531 VI.

212 3573 364 3653 SinoduS,
390 3572 493 3656 prima
511 3573 729 3653 distinctione,
754 3573 894 3654 capitulo
912 3574 933 3656 1,
960 3574 1004 3634 lle
1020 3572 1201 3634 Penitencia

264 3825 279 3856 ι.
296 3812 325 3856 B:
346 3813 481 3863 uariantes,-
498 3813 530 3856 ib.
546 3812 578 3856 C:
598 3817 621 3855 et
634 3813 705 3856 deest.
770 3812 792 3856 6.
808 3811 837 3855 E:
859 3819 938 3855 nostre
952 3813 1022 3855 deest.
1086 3813 1106 3856 b'.
1122 3812 1203 3863 titulo,·

211 3884 240 3927 ll:
257 3885 313 3934 150,·
326 3882 358 3926 lb.
370 3880 460 3926 eoru:
477 3882 552 3926 misse.
607 3893 629 3937 9.
641 3881 672 3926 C:
688 3894 743 3926 uere
756 3882 779 3925 in
795 3895 868 3937 marc.
879 3883 922 3925 alis
933 3894 1010 3925 manu.
1066 3893 1094 3925 rs.
1106 3884 1140 3924 A:
1156 3894 1202 3925 uon

210 3953 282 3996 estin
298 3964 373 4007 marg.
389 3952 433 3996 alia
449 3964 528 3995 manu.
576 3951 604 3996 15.
620 3951 649 3996 B:
664 3952 731 3995 r'snnn
745 3952 816 3995 deest.
858 3964 887 3995 ar.
904 3952 931 3995 B:
945 3964 989 4007 per
1002 3952 1202 3995 conuersncr'onem

209 4024 304 4076 dicere,·
317 4024 352 4067 A:
364 4034 412 4078 per
425 4023 632 4066 conversacionem
647 4023 670 4066 in
686 4034 759 4077 marg.
774 4023 819 4065 alia
834 4034 911 4066 manu.
969 4022 1004 4065 ati.
1020 4021 1049 4065 B:
1065 4033 1133 4066 omne
1146 4022 1202 4065 nor·

210 4093 287 4137 rrbr'le.
341 4104 378 4149 ²9-
390 4093 485 4149 primm
506 4091 596 4137 Codd.:
616 4090 696 4136 XXXI.

263 4270 289 4321 7.
308 4257 411 4306 Decret.
432 4255 512 4322 Greg.
532 4256 573 4318 lx,
593 4255 637 4306 lib.
655 4255 696 4319 lll,
715 4257 752 4305 tit.
769 4256 836 4318 XLI,
855 4272 910 4321 cap.
925 4256 966 4304 Vl.
1039 4252 1079 4304 28.
1099 4255 1200 4304 Decreti

211 4343 299 4392 Prima
323 4344 395 4405 Pars,
420 4343 481 4393 dist.
504 4343 573 4406 XVl,
596 4358 653 4408 cap.
671 4343 714 4392 Vl.
738 4343 831 4395 Habeo
853 4344 957 4392 librum.
1035 4356 1075 4409 29·
1099 4342 1200 4391 Decreti

210 4430 333 4479 Secunda
353 4430 425 4492 Pars,
445 4430 484 4480 De
504 4430 664 4493 penitencia,
683 4431 741 4480 dist.
761 4430 779 4492 l,
798 4446 855 4495 cap.
876 4430 893 4479 l.
