3046 4920
113 429 171 486 ποθ
652 440 824 497 soununra
840 440 982 497 wrcnrr
1179 422 1321 515 [cer-tv.

126 612 298 710 {fiiffihlfihtssffss
326 599 439 665 vinum
468 600 574 665 hostin
602 614 787 665 consecrate
809 612 843 667 et
862 602 979 685 allegat
1001 612 1140 684 utraque
1163 600 1254 683 gloss
1277 602 1320 665 nd

129 719 295 799 tueftenenu
326 704 389 771 hoc
411 704 492 771 illud
513 704 708 791 capitulum:
730 704 1049 791 EgnBeringsrittq
1071 704 1150 791 quin
1165 704 1226 769 ists
1241 724 1321 771 con·

161 782 259 816 “mm''
326 810 423 877 lessio
445 810 580 877 indubie
603 808 665 877 luit
678 830 737 875 sun
758 824 792 875 et
806 810 993 877 confirmata
1014 830 1053 875 ex
1067 812 1198 875 decreto
1212 809 1322 875 sinodi

326 918 474 982 Romane
505 914 648 999 ecclesie,
679 916 770 999 quod
801 929 851 982 est
880 918 978 1001 longe
1010 914 1192 981 colnracius
1219 934 1320 1001 quens

328 1022 495 1087 decretalis
517 1020 650 1085 ecclesie
671 1018 853 1085 Avinonice
875 1020 909 1085 in
930 1018 990 1085 hnc
1012 1034 1113 1106 parte.
1137 1022 1181 1087 Et
1194 1042 1234 1087 ex
1249 1020 1347 1087 istisi

326 1126 463 1208 videtur,
486 1144 562 1191 cum
577 1136 684 1189 textus
697 1122 778 1209 legis
793 1124 925 1189 ecclesie
939 1124 1018 1190 dicit
1033 1127 1125 1211 qund
1149 1140 1320 1191 remanent

325 1246 400 1317 post
414 1229 696 1297 consecracionem
719 1228 810 1313 penis
832 1242 866 1295 et
879 1230 1004 1311 vinum,
1027 1241 1060 1294 et
1074 1231 1162 1297 idem
1183 1232 1320 1297 recitent

325 1336 492 1421 opinative
518 1348 551 1400 et
572 1354 639 1399 non
666 1334 840 1419 reprobant
860 1334 1012 1399 doctores
1040 1336 1185 1421 precipui
1221 1337 1320 1402 huius

325 1442 416 1525 legis,
456 1441 547 1525 quod
587 1440 736 1505 doctores
772 1440 890 1506 novelli
928 1440 1029 1505 eciem
1068 1440 1213 1526 episcopi
1251 1462 1319 1507 non

107 1556 205 1602 Modern
222 1557 318 1601 doctor·
327 1557 549 1631 presumerent
574 1544 669 1611 istam
697 1545 864 1630 antiquans
892 1544 997 1611 sinodi
1021 1546 1218 1611 sentenciam
1240 1568 1317 1613 con·
1332 1564 1365 1603 ιο

139 1608 225 1652 should
241 1613 283 1652 not

126 1659 298 1765 mlflg‘ssgfflm
326 1652 513 1735 dempsere,
541 1650 708 1735 potissime
731 1668 807 1715 cum
832 1666 908 1735 post
928 1650 1132 1735 questionem
1156 1652 1184 1716 si
1207 1666 1257 1717 est
1278 1653 1319 1716 de

106 1764 318 1875 {ssff‘gssgffi
326 1756 431 1821 hostin
457 1756 536 1820 velit
563 1756 664 1820 homo
685 1755 778 1833 nolit,
803 1770 933 1841 oportet
953 1758 1120 1823 nolentem
1143 1758 1318 1841 procedere

107 1864 170 1914 whit
178 1869 217 1913 the
227 1867 316 1917 nnete.
326 1862 358 1925 in
389 1862 458 1925 eius
488 1860 643 1925 noticiam
669 1858 761 1944 ‘quid
783 1860 852 1941 est’,
874 1860 951 1945 quis
978 1858 1071 1926 nliter
1099 1860 1317 1926 balbuciendo

325 1966 457 2049 ignarus
483 1964 572 2029 vocis
598 1963 728 2048 proprie
754 1964 907 2048 procedet
932 1964 966 2027 in
992 1966 1141 2049 sequenti
1173 1967 1319 2031 secunda

286 2052 509 2156 “questione3
544 2069 616 2133 iden
644 2067 790 2133 solebam
816 2086 951 2153 querere
979 2068 1021 2133 ab
1048 2068 1094 2134 eis
1120 2070 1179 2156 qui
1203 2071 1318 2137 volunt
1331 2072 1362 2127 ¹5

324 2175 357 2238 in
387 2176 447 2239 ista
475 2174 610 2240 materia
637 2173 849 2238 determinare
875 2185 908 2238 et
934 2172 1091 2259 impetere
1114 2174 1195 2239 ulios
1218 2195 1318 2259 super

325 2278 463 2345 heretice
485 2279 642 2363 pravitate
657 2278 736 2363 quid
759 2291 808 2343 est
821 2292 1059 2344 sacramentum
1081 2279 1200 2359 altaris,
1224 2281 1316 2365 quod

325 2403 400 2449 cum
422 2384 583 2468 ignorent,
607 2396 695 2467 patet
715 2382 805 2469 quod
833 2402 962 2448 necesse
988 2398 1038 2451 est
1064 2404 1122 2449 ens
1144 2383 1317 2469 sequencin

325 2490 484 2573 ignorare.
507 2487 568 2553 Vis
591 2488 678 2552 enim
701 2488 782 2553 alter
803 2508 887 2573 papa
908 2508 984 2553 cum
1006 2488 1074 2554 suis
1089 2488 1314 2574 complicibus,

324 2614 438 2659 omnes
469 2593 612 2679 episcopi
636 2592 752 2674 Anglie
783 2612 859 2657 curn
890 2592 957 2658 suis
985 2594 1177 2659 doctoribus
1208 2594 1359 2658 sciuntso

324 2702 429 2764 dicere
460 2699 539 2784 quid
571 2711 619 2761 est
650 2696 756 2761 hostie
789 2712 992 2781 consecrnts;
1032 2699 1202 2783 quomodo
1235 2719 1314 2782 ergo

325 2804 501 2868 diffinirent
529 2802 589 2885 ipsi
618 2803 650 2864 in
679 2803 782 2865 heresi
809 2803 850 2866 de
879 2802 975 2867 tercia
998 2803 1104 2867 hostie
1126 2802 1315 2887 questione?

153 2914 269 3022 ffiffi·
368 2908 431 2973 Sed
456 2908 622 2972 redeundo
645 2909 752 2990 querit
766 2909 878 2992 ydiota
900 2908 925 2971 si
949 2911 1098 2973 sacerdos
1114 2924 1221 2992 potest
1238 2930 1315 2973 con·

325 3014 418 3078 licere
441 3014 475 3077 in
490 3013 587 3077 calice
602 3011 721 3094 ligneo,
739 3013 840 3076 vitreo
855 3014 906 3077 vel
921 3033 1042 3096 cupreo
1062 3028 1118 3078 sut
1132 3015 1313 3080 secundum

326 3120 425 3184 ritum
446 3138 465 3181 s
488 3117 606 3180 nostris
629 3116 843 3180 observanciis
865 3116 1017 3199 alienum,
1041 3133 1077 3182 ut
1092 3133 1182 3202 putu,
1206 3119 1356 3183 dimit-25

326 3224 423 3287 tendo
445 3235 634 3285 ornamenta
658 3222 862 3286 sacerdotum
882 3221 961 3286 etin
976 3223 1090 3287 maiori
1108 3238 1197 3307 parte
1217 3224 1315 3287 misse

325 3347 361 3391 ac
384 3328 490 3392 verbis
513 3326 795 3390 sacramentalibus
818 3325 983 3391 variando.

376 3581 396 3615 a.
415 3569 490 3614 Alte:
511 3570 558 3614 ista
576 3570 649 3615 deest.
736 3566 756 3613 3.
776 3568 809 3613 ll:
830 3567 991 3612 indubitative.
1076 3566 1096 3612 5.
1116 3568 1170 3612 Au:
1193 3568 1223 3614 Et
1241 3569 1314 3613 deest.

324 3640 345 3686 8.
365 3640 395 3684 li:
416 3639 530 3684 sednon.
616 3652 643 3684 rr.
663 3639 696 3684 D:
717 3643 794 3684 tanen
809 3643 880 3696 post,·
899 3636 931 3682 ib.
950 3639 985 3683 A:
1006 3638 1151 3695 questionem
1170 3639 1216 3683 slis
1234 3651 1313 3684 manu.

325 3721 354 3755 ts.
368 3710 399 3755 E:
418 3711 542 3755 nolentem.
604 3708 633 3754 13.
648 3709 680 3754 ll:
699 3720 843 3767 cognoscere
854 3707 919 3765 qnid.
981 3720 1013 3762 ¹4·
1028 3708 1059 3754 ll:
1079 3713 1180 3766 propter
1190 3711 1314 3765 procedet.-

325 3780 353 3825 ll:
370 3781 493 3838 procedit,·
511 3780 543 3825 C:
559 3780 715 3837 procuderetr
732 3779 765 3823 ih·
779 3779 813 3823 D:
831 3780 856 3823 s'n
870 3778 983 3824 secunda.
1045 3778 1073 3825 15.
1089 3779 1166 3824 ABD:
1184 3781 1265 3831 soten,·
1282 3778 1314 3823 C:

323 3863 383 3895 corr.
405 3851 429 3896 in
450 3863 524 3904 marg.
545 3850 590 3894 nlin
611 3862 693 3902 uranu:
716 3849 748 3893 ib.
770 3849 804 3893 D:
826 3850 869 3906 qui
886 3850 970 3894 colunt.
1071 3849 1102 3895 ru.
1125 3849 1156 3894 C:
1180 3861 1221 3893 eos
1241 3851 1312 3894 deest

325 3933 357 3976 ιε).
379 3921 412 3965 n:
438 3919 482 3965 l'r‘x
502 3925 595 3973 tansum
616 3920 647 3963 li:
671 3920 712 3963 vix
730 3919 817 3971 stlitem·
839 3919 870 3963 ib.
893 3919 924 3964 C:
947 3920 1082 3964 doctoridus
1103 3922 1140 3964 ret
1158 3920 1313 3976 complicibus.

324 4002 357 4035 es.
372 3991 494 4044 tersisse
508 3991 532 4035 in
547 4003 621 4047 marg,
635 3990 679 4034 alin
695 4001 778 4033 manu:
793 3990 881 4034 scilicet
894 3989 1025 4033 cuiusmodi
1037 3995 1078 4034 ert.
1138 4001 1175 4043 ss.
1190 3988 1223 4034 C:
1239 3990 1315 4033 uitreo

325 4061 348 4105 in
364 4074 437 4117 marg,
452 4062 496 4105 alin
511 4072 590 4104 manu.
644 4061 680 4104 nti.
696 4060 725 4103 ll:
745 4059 769 4103 r'n
784 4059 831 4103 nit!
840 4063 919 4115 parte,

381 4238 401 4274 1.
425 4222 515 4273 Tertia
537 4233 608 4273 tenet
631 4222 694 4288 quie
716 4232 834 4272 remanet
858 4221 893 4272 ibi
911 4221 1057 4272 substantia
1076 4221 1153 4287 panis
1171 4220 1269 4271 etvini
1289 4229 1314 4269 et

327 4309 376 4360 sub
404 4311 496 4360 eadem
525 4311 613 4375 speeie
640 4319 680 4359 est
706 4324 802 4374 corpus
824 4308 929 4360 Christi.
959 4308 1083 4370 Quolibet
1111 4318 1199 4358 temen
1221 4307 1314 4372 opinio

326 4398 421 4449 fatetur
439 4397 473 4448 ibi
493 4413 552 4449 esse
570 4412 667 4463 corpus
686 4396 791 4448 Christi.
