3046 4920
245 413 317 460 car.
331 399 376 486 n]
593 419 639 469 na
657 417 902 469 auculatsrtn.

249 572 331 641 vini?
361 577 477 640 Nonne
505 575 684 638 secundum
713 575 875 636 decretum
906 572 987 635 beati
1010 573 1160 634 leronimi
1190 573 1238 635 illi

245 681 302 762 qui
316 680 502 765 intelligunt
516 679 712 760 scripturam
728 696 859 739 sacram
874 678 973 739 aliter
987 696 1086 759 quam
1098 676 1237 759 Spiritus

248 783 386 847 Sanetus
400 784 537 866 flagitat
559 792 634 845 sunt
657 783 788 844 heretici
795 782 813 843 t
842 783 881 843 Et
906 796 971 843 tam
994 782 1180 844 detestanda
1205 797 1235 841 et

247 888 332 950 iners
366 900 413 950 est
444 888 548 968 glossa
582 905 680 969 quam
716 887 794 948 dant
832 886 924 949 dictis
962 898 1164 966 sanctorum3
1205 903 1235 948 et

221 992 378 1076 squando
395 991 595 1072 Augustinus
616 990 694 1054 dicit
716 992 864 1075 superius
886 991 973 1075 quod
993 989 1118 1053 videtur
1135 992 1237 1073 panis

245 1108 301 1171 est,
339 1095 396 1159 sed
434 1096 520 1179 quod
556 1097 700 1159 creditur
732 1099 833 1180 panis
870 1106 919 1160 est
955 1114 1074 1178 eorpus
1108 1093 1236 1171 Christi,

246 1201 391 1284 glossant
415 1222 472 1285 per
495 1201 701 1285 oppositum;
725 1203 815 1286 quod
839 1201 963 1264 videtur
987 1222 1050 1263 non
1077 1214 1124 1264 est
1145 1200 1236 1283 panis

246 1307 300 1369 sed
328 1307 476 1369 accidens
506 1327 562 1389 per
591 1328 624 1370 se
647 1307 735 1390 quod
760 1306 821 1369 fuit
844 1305 874 1369 in
903 1322 1001 1389 pane;
1033 1306 1089 1368 sed
1112 1319 1236 1368 certum

247 1412 399 1494 estquod
421 1425 487 1474 tam
511 1412 636 1475 subtilis
659 1413 795 1494 logicus,
818 1426 885 1474 tam
908 1410 1089 1495 profundus
1112 1411 1236 1473 metha·

206 1515 389 1597 rophisicus
413 1530 445 1579 et
468 1531 537 1579 tam
560 1516 703 1599 prudens
727 1516 897 1597 theologus
927 1535 991 1579 non
1020 1517 1065 1577 sic
1092 1529 1238 1577 oneraret

246 1620 344 1682 verba
378 1617 452 1684 fidei
493 1635 559 1684 tarn
597 1622 699 1684 aliena
738 1621 910 1702 sentencia,
949 1620 1126 1703 specialiter
1163 1639 1236 1682 cum

245 1743 390 1807 expresse
415 1739 482 1789 tam
506 1726 617 1789 crebro
640 1726 752 1788 asserit
766 1727 856 1809 quod
874 1726 1020 1788 accidens
1043 1745 1107 1787 non
1129 1738 1238 1807 potest

245 1848 313 1892 esse
341 1829 410 1891 sine
441 1831 597 1908 subiecto,
632 1845 667 1893 ut
695 1828 908 1912 exemplificat
936 1830 975 1891 de
999 1828 1177 1913 quantitate
1205 1843 1236 1890 et

245 1933 410 2016 qualitate.

206 2046 234 2100 15
290 2036 484 2101 Consolatio
512 2039 618 2123 itaque
646 2054 756 2102 contra
784 2041 862 2102 istos
891 2041 1039 2102 doctores
1072 2053 1119 2100 est
1147 2038 1234 2120 quod
1265 2049 1335 2093 lxx-ill
1352 2050 1440 2094 believe

245 2141 331 2205 iuxta
356 2145 484 2225 propria
508 2142 667 2227 principia
692 2165 755 2207 non
781 2145 874 2206 debet
898 2144 981 2207 credi
1005 2144 1097 2206 alicui
1122 2163 1234 2205 eorum
1252 2102 1455 2198 *xdiirgibi‘tnt‘e’s

246 2260 277 2310 et
304 2247 484 2329 specialiter
511 2249 543 2310 in
573 2249 703 2311 materia
733 2249 923 2331 theologica,
960 2249 1018 2311 nisi
1049 2249 1088 2311 de
1111 2260 1234 2331 quanto
1259 2208 1449 2303 sittpffispnn

244 2371 278 2413 se
302 2349 480 2416 fundaverit
503 2354 604 2438 (quod
623 2373 687 2416 non
705 2351 836 2436 poterit)
860 2355 890 2415 in
916 2354 974 2415 bac
997 2354 1112 2434 glossa.
1135 2352 1175 2414 Et
1191 2350 1236 2413 sic

245 2469 332 2537 patet
347 2458 436 2538 quod
462 2459 552 2540 panis
575 2474 606 2521 et
621 2458 733 2520 vinum
756 2471 831 2521 sunt
855 2458 915 2521 hoc
931 2457 1109 2519 venerabile
1132 2476 1234 2517 sacra·

202 2574 407 2641 aomentum3
445 2578 688 2644 verumptamen
723 2576 881 2644 protestor
913 2562 1040 2645 publice
1074 2562 1175 2645 quod,
1208 2560 1234 2621 si

245 2664 410 2727 Robertus
428 2666 631 2729 Gilbonensis
649 2667 697 2728 vel
715 2669 901 2749 quicunque
917 2667 956 2728 de
973 2666 1039 2728 suis
1056 2665 1235 2728 fautoribus

248 2769 364 2831 doceat
402 2771 609 2853 contrarium,
654 2786 785 2853 paratus
827 2791 897 2833 sum
938 2786 973 2833 ut
1011 2769 1112 2832 fidelis
1151 2769 1234 2831 filius

245 2873 375 2936 ecclesie
393 2876 433 2935 ad
452 2876 655 2937 credendum.
680 2877 741 2938 Sed
766 2877 862 2938 credo
879 2877 967 2957 quod
985 2875 1143 2936 Robertus
1160 2894 1235 2936 cum

245 2979 398 3041 omnibus
427 2981 492 3042 suis
521 2979 732 3062 complicibus
766 3001 831 3041 non
862 2979 952 3041 saciet
980 2979 1023 3041 ita
1055 2979 1234 3061 probabiles

201 3083 427 3149 25evidencias
449 3086 488 3146 ad
513 3086 707 3146 credendum
725 3086 814 3167 quod
836 3086 896 3146 hoc
918 3098 1151 3146 sacramentum
1168 3102 1233 3144 non

244 3201 292 3249 est
315 3189 529 3251 essencialiter
553 3189 641 3270 panis
665 3205 721 3251 aut
745 3190 866 3260 vinum,
892 3189 946 3250 sed
969 3207 1070 3250 unum
1088 3188 1233 3250 accidens

245 3292 404 3373 ignotum.
445 3296 579 3357 Necesse
619 3310 666 3356 est
698 3310 806 3358 tamen
846 3295 901 3355 has
934 3294 1059 3355 hereses
1091 3313 1159 3355 esse
1192 3294 1231 3352 ad

244 3400 445 3479 puniendum
484 3420 538 3462 eos
578 3400 608 3462 in
648 3422 765 3481 penam
804 3399 923 3482 peccati
963 3399 1017 3482 qui
1056 3398 1232 3480 phariseice

244 3505 425 3584 ponderant
456 3506 550 3566 nimis
579 3505 679 3587 signa.
720 3506 852 3581 Exhinc,
887 3506 1029 3586 inquam,
1058 3518 1234 3585 occupatur

201 3610 329 3677 30scola
359 3609 439 3671 circa
469 3609 561 3672 salsas
590 3625 620 3672 et
644 3631 740 3671 vanas
765 3610 906 3689 ficticias,
936 3609 1064 3669 dimissa
1088 3609 1232 3670 doctrina

297 3850 315 3893 3.
328 3853 361 3894 A:
370 3850 488 3907 flagigat.
529 3864 551 3900 a.
564 3851 615 3894 illi:
630 3851 722 3900 latura·
738 3851 767 3893 ib.
780 3851 810 3893 ll:
825 3856 859 3892 est
868 3850 939 3891 deest.
981 3864 1003 3901 4,
1015 3850 1033 3892 5.
1046 3849 1077 3891 ll:
1093 3849 1231 3905 rrtpunrrdn.

244 3933 266 3976 9.
279 3920 310 3962 ll:
326 3927 372 3963 tum
381 3921 532 3976 profundus:
546 3922 576 3962 ib.
588 3921 682 3963 llllllli:
699 3922 798 3977 logicus.
841 3933 871 3962 ro.
884 3920 914 3961 lt:
930 3920 1035 3961 aaran.
1079 3919 1151 3963 16.οτ
1164 3920 1232 3973 priu-

243 3990 305 4045 cipr'n
323 3993 346 4032 in
369 4003 442 4045 marg.
462 3992 505 4034 nlia
526 4004 603 4032 maun.
698 4003 726 4033 21.
745 3990 819 4033 nne:
841 3989 1007 4037 Gilbonensis:
1026 3989 1054 4032 lt:
1076 3988 1230 4032 (itinerante.

243 4071 276 4102 22.
293 4059 324 4102 ll:
341 4065 365 4102 ut
379 4061 452 4102 deest.
507 4059 538 4103 23.
555 4061 585 4103 C:
605 4061 700 4103 ecclesie
714 4061 736 4102 in
753 4074 826 4114 inurg.
843 4061 886 4101 alia
903 4072 979 4100 mnan.
1034 4071 1070 4110 aa.
1086 4058 1117 4101 ll:
1137 4060 1160 4100 iri
1173 4070 1230 4112 pro·

242 4129 333 4172 habiles.
388 4143 421 4184 εγ.
438 4130 467 4173 C:
484 4131 589 4187 ignotior
604 4131 703 4172 correxit
719 4131 754 4172 in:
769 4132 912 4186 ignoratum.

299 4307 318 4339 ι.
334 4292 434 4340 llecreti
449 4291 569 4340 Secunda
585 4291 653 4340 l‘ars.
668 4291 753 4338 Carisa
766 4291 854 4340 XXll'.
870 4291 996 4350 (liiacstin
1009 4290 1050 4350 lll,
1060 4305 1116 4353 cap.
1127 4288 1229 4337 xxvii.

244 4377 266 4427 3.
286 4380 352 4427 Vide
372 4395 449 4443 supra
470 4395 528 4443 pag.
548 4378 602 4427 125.
