3046 4920
202 476 273 521 eat».
287 461 330 552 n}
547 481 592 531 m:
612 479 858 531 rzucrrantsrm.

204 640 288 703 ritus
320 659 412 703 rrteas
444 642 476 701 in
509 639 637 700 homine
670 639 703 700 irr
736 648 897 718 eternum,
931 640 1006 721 quia
1035 658 1114 700 cerro
1139 651 1198 715 est,

204 756 363 828 erantque
390 745 458 806 dies
485 745 554 805 eires
589 754 715 806 centum
749 745 865 828 viginti
897 763 1074 820 aratrorum,
1108 744 1197 826 quasi

203 849 335 912 diceret:
370 847 508 931 Spiritus
537 847 664 910 vivendi
696 869 762 911 non
787 848 989 931 permanebit
1013 848 1197 912 eternaliter

203 954 235 1016 in
270 969 341 1017 toto
373 972 489 1036 genere
518 966 727 1035 peccatorum
755 965 914 1036 perpetuo
943 955 1130 1035 dampnato,
1165 968 1200 1016 ut

177 1059 397 1140 §dampnatur
423 1078 525 1140 genus
553 1059 744 1121 demonum.
778 1057 820 1119 Et
842 1057 927 1120 racio
957 1058 1097 1120 secunda
1125 1057 1197 1120 sub·

202 1163 300 1243 ditur,
324 1162 400 1248 quia
424 1161 542 1246 fragilis
566 1178 613 1226 est
637 1184 675 1224 ex
699 1182 792 1226 carne
817 1176 848 1224 et
871 1175 906 1224 ut
929 1161 973 1224 sic
997 1162 1196 1225 excusabilis.

202 1268 319 1330 Tercio
343 1289 420 1331 vero
443 1267 617 1351 apponitur
647 1267 790 1330 medium
820 1267 980 1347 medendi,
1013 1267 1093 1329 dum
1121 1288 1196 1351 pro·

202 1373 339 1437 mittitur
353 1374 442 1458 quod
461 1373 527 1434 dies
551 1372 732 1455 penitencie
756 1385 929 1454 antequam
954 1371 1090 1435 inundet
1113 1372 1195 1435 dilu-

201 1477 290 1541 vium
314 1493 408 1542 erunt
431 1475 520 1541 CXX
543 1477 635 1555 anni;
670 1477 731 1539 hoc
764 1476 851 1539 enim
882 1477 1019 1539 verbum
1048 1476 1106 1538 Dei
1137 1476 1197 1539 tuit

161 1583 315 1665 roviginti
353 1582 445 1644 annis
483 1596 659 1664 antequam
692 1582 762 1644 Noe
795 1580 914 1663 incepit
950 1600 1126 1664 procreare,
1166 1596 1197 1643 et

202 1701 332 1751 centum
371 1705 534 1748 annorum
575 1685 634 1748 luit
673 1685 910 1769 primogenitus
942 1706 1019 1749 suus
1051 1700 1196 1768 tempore

202 1791 323 1854 diluvii.

246 1896 395 1959 Secundo
435 1895 651 1979 principaliter
690 1893 888 1978 premittitur
931 1896 1033 1979 prima
1076 1894 1194 1957 noticia

202 2001 327 2064 malicie
344 2000 525 2081 commisse,
545 2020 620 2063 cum
631 1999 761 2063 dicitur:
787 1999 901 2062 aaran
912 2010 1019 2062 autem
1034 2000 1125 2062 Deus·
1137 2014 1196 2063 etc.

159 2104 351 2169 tsSecundo
375 2105 524 2168 subditur
547 2104 691 2187 pronitas
713 2105 753 2167 ad
770 2102 1021 2185 recidivandum,
1045 2106 1125 2166 dum
1140 2105 1194 2165 ad·

202 2209 359 2293 iungitur:
388 2209 431 2271 Et
453 2219 570 2271 carecta
594 2209 752 2293 cogitacio
776 2208 914 2271 leontinis
937 2222 996 2271 etc.
1033 2208 1073 2270 Et
1098 2208 1194 2270 tercio

202 2315 385 2377 ostenditur
407 2313 604 2376 medicinalis
628 2313 816 2393 satisfaccio,
841 2314 920 2375 dum
943 2312 1071 2375 dicitur:
1103 2313 1195 2375 11ἠί-

203 2421 264 2483 tuit
278 2439 351 2482 eum
370 2419 456 2502 quod
470 2419 629 2481 hominem
643 2417 783 2500 jecisset
806 2419 839 2480 ia
863 2428 963 2480 terra.
989 2418 1036 2479 Ex
1053 2415 1196 2479 laccione

204 2545 345 2609 namque
369 2524 512 2586 hominis
536 2523 652 2585 terreni
677 2536 708 2585 et
733 2538 865 2605 peccato
888 2522 956 2584 eius
979 2535 1091 2585 contra
1108 2542 1194 2584 sum·
1234 2548 1236 2552 ·

157 2651 296 2693 eomum
322 2631 445 2692 bonum
469 2629 615 2711 oportuit
639 2627 803 2691 Christum
833 2629 899 2710 pati
924 2642 954 2690 et
977 2626 1096 2690 intrare
1120 2648 1193 2689 curn

204 2735 378 2818 redemptis
408 2725 440 2795 in
468 2733 607 2815 gloriam
635 2750 742 2813 suam;
775 2747 806 2795 et
837 2734 897 2795 hoc
926 2746 1019 2796 sonat
1038 2733 1196 2814 perillera,

203 2842 235 2903 id
265 2855 323 2920 est,
347 2859 464 2922 penam
490 2853 608 2901 tenere.
644 2840 709 2900 Nec
738 2853 868 2900 moveat
896 2839 985 2920 quod
1014 2837 1128 2900 dieitur
1156 2839 1195 2898 de

204 2945 352 3028 presenti,
370 2943 444 3028 quia
464 2944 549 3006 Deus
573 2963 700 3025 semper
723 2943 782 3006 scit
805 2963 838 3005 se
863 2943 939 3025 pati.
966 2941 1083 3004 Tercio
1107 2943 1194 3024 prin·

203 3050 345 3134 cipaliter
366 3049 468 3130 tangit
485 3049 517 3110 in
534 3047 671 3130 generali
689 3047 870 3111 remedium
886 3048 925 3109 ad
942 3048 1194 3110 abscindendum

157 3163 190 3214 25
203 3170 370 3238 peccatum
387 3153 528 3216 hominis
546 3154 577 3215 in
596 3153 752 3233 futurum,
769 3154 849 3215 dum
865 3152 994 3215 dicitur:
1015 3152 1195 3215 Precar'ens·

202 3262 235 3323 in
264 3259 436 3343 saltarum,
471 3279 546 3322 nam
578 3272 719 3342 potestas
754 3258 949 3342 gygancium
982 3258 1036 3341 qui
1071 3257 1196 3320 lucrant

202 3386 299 3447 super
323 3379 438 3427 terram
462 3379 493 3427 et
517 3364 663 3426 sterilitas
688 3379 771 3425 terre
796 3362 1001 3425 crescencium
1019 3382 1093 3425 cum
1110 3382 1192 3425 sere-

203 3469 300 3532 nitate
329 3485 360 3531 et
387 3469 572 3532 salubritate
597 3469 677 3531 aeris
702 3469 763 3532 luit
787 3469 849 3530 illis
873 3468 999 3529 occasio
1023 3467 1195 3529 bestialiter

200 3574 396 3637 lasciviendi.

255 3792 273 3822 ε.
289 3780 323 3825 C:
337 3784 425 3824 ceratam
440 3785 462 3824 et
476 3780 575 3837 regino&
593 3780 624 3823 ib.
641 3779 693 3823 ltli:
709 3780 760 3823 dies
774 3780 844 3823 iltius.
900 3778 919 3823 3.
937 3779 986 3822 ltli:
1002 3778 1105 3834 Spiritus
1119 3780 1194 3823 erratr-

200 3851 278 3894 cnudr'.
365 3866 381 3902 ι.
398 3850 429 3893 ll:
447 3856 568 3905 perpetue.
654 3850 940 3902 5,«;.1·::satscrtarrur.
1021 3851 1092 3891 till:
1113 3852 1186 3893 nteit

201 3934 222 3974 7.
239 3920 268 3964 E:
287 3920 399 3963 'terciam
456 3920 483 3963 13.
502 3920 534 3963 lt:
547 3920 642 3975 primm·
656 3920 687 3963 jn,
701 3923 733 3963 A:
749 3921 836 3963 noticia
851 3919 895 3961 atta
911 3932 988 3962 mann.
1045 3931 1077 3972 ra.
1094 3920 1126 3962 lt:
1141 3921 1194 3962 «term

199 3990 301 4039 dicitur:
321 3990 352 4033 ib.
368 3989 398 4033 li:
417 3994 461 4034 ete.
477 3990 549 4033 deest.
616 3990 643 4035 15.
660 3990 711 4032 ltE:
732 3989 874 4047 adiungitur
884 3991 1002 4044 patrantes.
1070 3989 1097 4040 15,
1115 3989 1146 4032 rfr.
1163 3990 1192 4033 li:

199 4074 251 4105 cam
265 4060 414 4116 adiungitur.
462 4062 492 4104 rs».
507 4060 539 4104 E:
555 4065 597 4104 etc.
612 4059 684 4103 deest.
736 4059 930 4115 17.lll3C:cam.
976 4071 1010 4103 aa.
1026 4060 1057 4103 ll:
1072 4061 1195 4116 quarte-tr,-

201 4131 232 4174 ti:
246 4131 316 4186 patiri
327 4135 367 4174 est.
422 4143 456 4186 27.
473 4132 505 4175 lt:
518 4130 649 4188 sertr'tttnr.
705 4130 740 4174 28.
756 4129 832 4175 Atre:
840 4131 934 4187 suerit;
954 4131 985 4173 ib.
1000 4130 1031 4175 E:
1045 4131 1095 4183 εἰη
1114 4132 1144 4174 ib.
1161 4132 1192 4175 lt:

200 4202 311 4244 berti-rtis.

259 4361 296 4408 ¹⁴·
316 4347 381 4396 Gen.
396 4348 438 4408 Vl,
460 4347 482 4397 5.
571 4363 608 4412 ¹7·
629 4347 662 4396 ib.
682 4346 706 4396 (r.
800 4347 840 4397 25.
865 4349 913 4398 llic
938 4350 1013 4397 locus
1037 4349 1061 4397 in
1082 4349 1194 4413 Vulgare

202 4449 256 4482 11011
275 4444 351 4483 extat.
