3046 4920
139 386 210 437 cnr.
223 374 278 465 uu}
483 394 530 447 nu
547 392 790 447 Eucttnutsttn.

140 550 296 635 particula
306 548 581 617 sacramentaliter
589 568 763 613 remanete.
775 548 816 614 Et
824 548 887 613 isto
896 550 997 614 moda
1008 550 1134 616 videtur

140 656 306 721 Thermum
328 656 436 719 dicere
458 672 556 737 supet
577 650 785 719 distinctione
806 654 859 737 lx,
886 654 1057 741 questione
1076 656 1133 739 11⁸,

139 761 229 846 quod
243 770 398 825 ereatura
413 758 625 825 irrationalis
633 758 734 825 sumit
743 776 864 843 carpus
875 760 1006 826 (inisti.
1019 760 1133 825 Wilel·

139 886 213 931 mus
243 880 354 931 autem
380 862 414 927 in
436 864 486 927 De
508 864 715 931 Sacramenta
737 862 857 929 litteris
879 866 1007 931 videtur
1027 865 1133 933 dicere

114 971 228 1056 lquod
252 970 398 1057 quinque
425 969 532 1034 modis
559 968 716 1055 recipitur
740 988 858 1053 carpus
881 968 999 1035 Christi
1027 984 1060 1035 et
1084 973 1133 1037 sic

139 1094 214 1141 ntus
229 1073 280 1161 (ut
295 1070 417 1161 iuquit)
430 1074 569 1141 comedit
581 1092 702 1159 carpus
712 1074 833 1140 (irristi
846 1074 980 1139 realiter
993 1075 1052 1142 led
1065 1096 1131 1143 nan

138 1179 423 1246 sacramentaliter
453 1197 557 1265 neque
586 1178 810 1263 spiritualiter.
845 1176 909 1245 Sed
931 1179 1026 1264 absit,
1056 1181 1131 1247 licet

138 1303 253 1349 omnes
266 1284 319 1349 isti
334 1280 451 1371 (eciem
469 1278 729 1370 papudixerint,
751 1284 841 1369 quod
855 1284 956 1351 bestie
977 1299 1011 1352 et
1032 1306 1131 1351 omne
1214 1302 1223 1317 ·

137 1388 337 1453 manducent
352 1386 495 1453 hostiam
507 1388 683 1453 munducat
693 1402 989 1475 propteteseorpus
998 1388 1130 1471 Christi,
1164 1402 1204 1447 τυ
1216 1404 1269 1448 tate
1283 1403 1322 1449 une

1139 1456 1253 1501 demumr
1267 1456 1288 1501 ln
1302 1464 1343 1501 not

98 1517 129 1553 ιο
138 1493 222 1557 sieut
240 1488 515 1576 exemplificatum
531 1504 581 1557 est
593 1490 634 1556 de
648 1492 767 1575 anime,
788 1512 902 1579 ymmo
916 1493 1001 1579 layci
1017 1495 1130 1561 dicunt
1169 1508 1317 1614 iiiiii?

137 1596 240 1682 quod,
262 1594 347 1661 sicut
368 1592 454 1678 fone,
476 1595 566 1663 incus
588 1596 640 1663 rel
662 1597 762 1663 bestie
781 1596 900 1685 sucipit
920 1617 1041 1684 aquam
1063 1618 1129 1685 que
1143 1612 1223 1657 anina
1236 1612 1291 1671 thu
1304 1626 1345 1658 tre

137 1700 179 1765 de
204 1698 290 1765 lecto
319 1714 369 1767 est
395 1712 635 1767 sacramentum
662 1702 825 1788 baptismi,
856 1716 889 1769 et
918 1716 1028 1769 tamen
1060 1694 1128 1771 uon
1160 1666 1323 1763 ‘iiiiuiicii'f

95 1796 108 1815 '
137 1805 318 1891 nuptizatur
338 1807 390 1871 vel
411 1806 529 1893 accipit
550 1804 759 1893 baptismum,
781 1808 827 1873 sie
841 1809 944 1875 multe
964 1810 1128 1895 recipiunt

137 1910 230 1975 illum
254 1929 373 1996 panem
397 1912 448 1975 vel
476 1911 531 1977 ills
555 1912 747 1995 ueeideneis,
773 1932 838 1999 que
868 1914 909 1979 de
936 1912 1022 1981 iectu
1049 1930 1127 1981 sunt

96 2022 388 2093 auctmentum,
422 2029 586 2083 ettamen
612 2036 678 2083 non
706 2016 867 2104 accipiunt
888 2036 1124 2085 aeramentum

135 2118 213 2206 quis
235 2139 303 2186 non
325 2120 388 2187 sub
411 2120 541 2187 treione
562 2122 761 2189 recrementi.

179 2224 244 2290 Sed
265 2224 401 2291 dimisse
427 2225 489 2292 iste
514 2226 727 2294 eitereseione
753 2227 852 2315 laycis
880 2231 1024 2296 concedo
1050 2251 1128 2296 cum

134 2330 243 2414 glossa
265 2330 432 2395 communi
456 2351 555 2416 super
573 2331 782 2399 distinetione
807 2335 958 2411 secunde.
982 2336 1127 2419 capitula

136 2434 210 2499 Nan
233 2435 304 2517 iste,
333 2435 422 2521 quod
446 2454 567 2521 carpus
593 2434 712 2503 Christi
732 2456 796 2503 nan
819 2438 985 2504 descendit
1005 2440 1039 2503 in
1060 2452 1127 2505 sta·

93 2562 126 2600 eo
135 2541 295 2620 rnaclrnm,
318 2556 351 2605 et
363 2546 478 2627 'usque
498 2540 543 2607 ad
556 2562 651 2627 quern
671 2542 776 2607 locuni
791 2543 923 2609 ducitur
931 2563 997 2629 per
1009 2547 1126 2629 gulam

135 2646 256 2711 nescia.
288 2646 384 2712 Unde
411 2660 520 2713 textus
541 2666 616 2713 vere
642 2646 734 2714 dicite
766 2646 840 2713 Nan
869 2650 930 2713 iste
949 2652 1051 2735 panis
1079 2660 1128 2717 est

134 2751 192 2837 qui
211 2750 301 2815 radit
323 2752 356 2815 in
378 2770 511 2835 corpus.
545 2751 727 2839 Tripliciter
747 2752 834 2818 enim
855 2752 1013 2838 accipitur
1034 2758 1126 2840 penis

134 2857 176 2920 ad
198 2858 406 2941 propositum
421 2856 455 2920 in
471 2857 629 2942 scriptura
644 2877 731 2923 sacra
747 2873 779 2924 et
793 2860 911 2925 sanctis
927 2861 1125 2941 domatibus,

134 2961 256 3026 scilicet
279 2983 339 3046 pro
362 2983 447 3047 pane
476 2963 580 3027 usuali
608 2982 705 3049 quem
734 2965 850 3049 vulgus
882 2966 1035 3049 comedit,
1066 2986 1126 3050 pro

92 3074 125 3128 25
135 3085 218 3151 pane
228 3082 411 3131 consecrato
423 3068 480 3151 qui
491 3082 539 3132 est
549 3083 800 3152 sacramentum
813 3090 909 3156 quem
924 3071 1124 3153 Augustinus

134 3187 230 3237 vocnt
246 3194 370 3259 panem
394 3173 555 3256 celestem,
589 3187 621 3238 et
643 3194 703 3258 pro
726 3196 806 3256 pane
838 3175 954 3241 ultimo
985 3174 1124 3259 figurato

133 3277 190 3363 qui
207 3290 256 3343 est
270 3277 418 3344 Christus
434 3279 524 3343 Deus
540 3293 658 3344 noster.
675 3280 716 3345 lit
730 3279 823 3346 istem
839 3282 1125 3366 equivocaciauem

133 3382 217 3449 sicut
239 3384 431 3468 equivocam
455 3383 592 3450 istorum
609 3385 866 3470 predicacionem
883 3401 1012 3470 oportet
1031 3386 1121 3451 theo·

134 3489 246 3570 logum
270 3503 393 3552 notare.
427 3489 461 3553 Si
485 3490 572 3554 enim
597 3492 687 3573 panis
710 3490 765 3576 qui
797 3504 845 3556 est
868 3512 981 3576 corpus
1005 3491 1123 3558 Christi

186 3706 202 3741 ι.
217 3693 248 3740 E:
262 3695 467 3739 sacramentaliter
480 3706 604 3741 remanere
616 3695 689 3742 deest.
740 3711 763 3748 4.
778 3695 811 3741 D:
826 3696 860 3740 lbi
870 3697 907 3741 de.
959 3709 986 3742 tt.
1001 3697 1034 3742 D:
1049 3698 1123 3744 lacus.

133 3762 162 3809 13.
177 3764 231 3809 AB:
250 3763 340 3816 Eleia·
358 3763 433 3809 ABC:
454 3765 534 3817 multl‚·
553 3764 584 3810 C:
604 3766 711 3810 correxit.
770 3765 801 3812 18.
816 3766 835 3812 C
849 3765 872 3810 in
887 3778 974 3822 murga
993 3767 1029 3812 De
1042 3779 1122 3812 canse-

132 3835 248 3878 cracr'ane.
300 3845 332 3890 19.
348 3833 379 3878 E:
395 3833 508 3879 Nonnste.
557 3847 591 3880 υ.
606 3835 694 3881 code:
709 3836 778 3880 cadit.
828 3833 861 3880 23.
875 3836 949 3882 ABC:
964 3848 1034 3880 sacra
1049 3837 1121 3882 deest.

131 3915 168 3956 24,
176 3903 208 3949 25.
217 3903 248 3949 C:
259 3916 326 3960 quern
343 3928 357 3936 -
363 3915 429 3960 pane
439 3904 463 3948 in
472 3917 545 3961 marg.
554 3906 599 3950 ulis
607 3917 685 3949 manu.
719 3905 754 3950 28.
763 3905 835 3951 ABG:
843 3906 1121 3963 sicuteqnirocacionenr.

186 4026 209 4062 2.
237 4013 318 4063 Recte
346 4014 406 4063 dist.
435 4014 477 4075 tx,
506 4024 608 4080 quaest.
636 4014 654 4076 l,
683 4018 737 4065 Art.
762 4014 781 4064 11
809 4015 826 4065 l.
845 4030 867 4064 c.
896 4030 955 4081 pag.
982 4016 1037 4083 139,
1065 4031 1121 4079 ¹40·

133 4101 156 4153 3.
175 4099 344 4164 wilhelmus,
371 4116 408 4151 sc.
428 4103 461 4152 de
480 4103 577 4152 Sancto
597 4105 703 4152 Amore.
786 4117 824 4170 ¹9·
843 4102 918 4152 Dect.
938 4102 1026 4153 Tertia
1049 4103 1121 4166 Pers,

131 4187 170 4237 De
189 4187 408 4250 Consectecione,
429 4190 490 4239 dist.
509 4190 538 4252 ll,
558 4204 614 4255 csp.
634 4189 699 4239 LVI.
719 4188 759 4240 Cf.
773 4189 896 4240 Glossam
909 4190 966 4241 ord.
980 4192 1012 4240 nd
1025 4206 1120 4241 vocem

131 4275 191 4325 lt'on
206 4277 257 4327 isle
265 4279 355 4339 panis.
419 4275 460 4327 26.
480 4277 551 4343 Opp.
564 4286 629 4327 tom.
643 4276 682 4339 ΙΙΙ,
697 4290 720 4339 2,
733 4292 792 4345 494,
805 4277 837 4339 V,
852 4275 909 4340 326,
924 4279 982 4341 334,
997 4278 1055 4345 339,
1070 4278 1120 4341 344

131 4366 169 4427 (et
186 4365 306 4431 passim).
