3046 4920
604 460 803 511 PROLOGUS.

206 635 328 699 guntur
351 620 403 682 alii
428 621 577 680 doctores
594 615 826 699 provecciores,
852 619 958 700 primo
974 619 1084 679 Petrus
1100 618 1195 679 Lom-

207 723 334 798 bardus,
361 723 414 786 ubi
438 721 624 784 ostenditur
647 721 736 804 quod
761 723 829 804 ipse
854 736 918 783 non
942 738 1097 804 repugnat
1121 721 1198 783 huic

206 829 378 909 sentencie,
403 840 434 888 et
457 825 539 888 tollit
567 824 765 890 evidenciam
785 827 1008 889 Bonaventure
1036 839 1066 888 et
1090 825 1196 904 solvit,

206 932 370 994 declarans
394 930 473 1013 quid
497 931 705 993 concluditur
721 951 757 993 cx
773 930 867 993 dictis
885 931 994 992 multis
1010 947 1197 993 sanctorum

181 1045 237 1098 set
258 1034 375 1097 decreti
399 1037 489 1119 quod
508 1035 691 1098 Eukaristia
715 1051 763 1099 est
786 1039 878 1118 panis
901 1050 932 1096 et
957 1033 1069 1096 vinum
1092 1054 1195 1097 sacra·

205 1139 387 1202 mentaliter
398 1155 591 1203 consecrata.
606 1139 757 1203 Secundo
770 1140 900 1222 replicat
913 1159 970 1220 per
981 1138 1193 1201 Anshelmum

205 1259 237 1306 et
261 1244 397 1307 declarat
421 1264 458 1307 ex
482 1243 671 1308 testimonio
695 1263 755 1306 suo
779 1259 810 1306 et
832 1243 1014 1305 racionibus
1037 1244 1126 1326 quod
1144 1264 1194 1306 ac·

205 1349 313 1413 cidens
338 1369 403 1412 non
427 1365 534 1432 potest
562 1368 631 1411 esse
659 1347 727 1410 sine
755 1347 910 1423 subiecto,
940 1362 971 1410 et
994 1349 1194 1410 ostendendo

204 1454 283 1538 quid
307 1455 509 1537 Augustinus
542 1452 641 1516 sentit
668 1452 708 1514 de
735 1453 915 1536 quantitate
943 1455 1078 1515 declarat
1111 1473 1193 1537 quo·

163 1559 304 1623 tomodo
333 1561 393 1622 ista
420 1560 472 1622 via
505 1555 726 1641 magnificaret
755 1557 888 1621 ulterius
917 1557 975 1619 Dei
1007 1561 1194 1641 potenciam

203 1664 357 1748 ponendo
391 1662 530 1725 hostiam
564 1660 725 1724 infinitum
759 1663 862 1744 magis
891 1663 1064 1742 gloriosam
1093 1683 1193 1746 quam

203 1768 303 1830 modo
334 1766 510 1850 sompniat,
545 1781 577 1830 et
610 1768 781 1851 quomodo
814 1787 902 1830 error
934 1768 1025 1830 istius
1060 1769 1191 1831 materie

201 1872 328 1937 induxit
357 1873 390 1934 in
418 1873 539 1935 multos
569 1872 649 1935 alios
677 1892 807 1935 errores.
842 1873 969 1950 Quarto
1002 1873 1101 1935 obicit
1135 1895 1191 1956 per

202 1979 264 2040 hoc
296 1978 387 2061 quod
420 1977 515 2039 multi
547 1976 649 2040 sancti
682 1977 864 2056 canonizati
903 1977 1124 2040 moriebantur
1156 1979 1187 2040 in

160 2082 262 2144 riista
285 2080 350 2144 lide
374 2083 414 2142 de
439 2081 630 2144 Eukaristia.
656 2081 697 2143 Et
721 2081 836 2164 allegat
859 2095 1007 2144 sanctum
1024 2082 1191 2145 Thomam

202 2187 397 2269 probantem
410 2186 498 2269 quod
517 2183 566 2247 via
583 2184 691 2247 dicens
704 2205 823 2267 panem
838 2206 1000 2248 remanere
1019 2202 1091 2270 post
1110 2207 1189 2249 con-

201 2289 415 2353 secracionem
432 2304 479 2352 est
503 2289 740 2373 incompetens,
764 2290 960 2373 inpossibilis
984 2306 1015 2353 et
1039 2293 1189 2376 heretica,

202 2412 234 2459 et
269 2395 376 2477 primo
417 2395 501 2457 tollit
540 2394 740 2458 evidenciam
777 2416 815 2459 ex
848 2397 1034 2459 testimonio
1072 2398 1188 2479 triplici

200 2501 289 2583 quod
321 2518 386 2561 non
419 2501 577 2581 probatur
609 2500 730 2562 multos
761 2515 888 2563 sanctos
914 2500 946 2563 in
977 2502 1034 2563 ista
1064 2500 1126 2563 fide
1150 2503 1189 2563 de

155 2605 381 2668 20Eulcaristia
416 2604 600 2668 decessisse.
638 2604 788 2668 Secundo
826 2605 942 2668 dicitur
971 2606 1188 2687 probabiliter,

199 2711 288 2793 quod
317 2709 419 2772 multe
447 2709 548 2772 sancti
573 2709 702 2772 Thome
733 2711 892 2772 sentencie
920 2727 995 2773 sunt
1026 2725 1188 2794 corrupte.

199 2815 316 2877 Tercio
348 2814 525 2876 declaratur
548 2813 714 2897 tripliciter
746 2815 835 2898 quod
870 2834 935 2878 non
970 2829 1017 2877 est
1046 2817 1084 2878 de
1112 2821 1187 2878 sub·

200 2919 320 2981 stancia
348 2917 423 2981 fidei
451 2919 582 2981 credere
610 2918 699 3002 quod
727 2932 802 3001 post
832 2919 1093 2982 benediccionem
1122 2941 1186 2983 non

198 3038 341 3087 remanet
363 3023 549 3086 substancia
573 3023 761 3086 sacramenti
786 3038 818 3086 et
841 3025 963 3087 colorat
987 3025 1185 3087 concordan-

150 3137 184 3188 25
198 3130 263 3190 cias
292 3128 410 3190 decreti
435 3127 582 3190 Nicholai
608 3123 642 3188 lli
668 3141 699 3189 et
726 3128 891 3191 decretalis
921 3127 1100 3190 lonocencii
1127 3125 1185 3192 lllii

197 3235 229 3295 in
246 3232 305 3296 hac
320 3247 422 3315 parte.
447 3232 575 3308 Quarto
599 3230 783 3315 infringitur
806 3231 990 3296 trimembre
1014 3253 1185 3316 argumen-

196 3350 267 3399 tum
284 3356 341 3420 per
358 3336 446 3420 quod
463 3351 591 3398 sanctus
607 3336 754 3399 Thomas
771 3337 897 3399 videtur
913 3339 1049 3419 probare
1066 3338 1186 3400 incom-

196 3442 375 3525 petentiam
393 3439 489 3503 huius
507 3441 677 3504 sentencie.
696 3441 822 3519 Quinto
839 3442 954 3526 probat
969 3441 1186 3524 sextupliciter

197 3546 366 3609 falsitatem
390 3546 584 3629 porismatis,
617 3566 675 3629 per
697 3546 788 3629 quod
813 3545 923 3609 nititur
944 3547 1090 3609 Thomas
1113 3568 1186 3630 pro·

147 3653 271 3716 3obare
294 3650 577 3734 inpossibilitatem
600 3650 697 3713 huius
720 3651 890 3716 sentencie.
924 3651 1021 3714 Sexto
1045 3652 1185 3715 obicitur

195 3756 361 3838 tripliciter
376 3770 488 3818 contra
505 3756 705 3818 evidenciam
730 3757 959 3820 hereticantem
984 3761 1184 3820 sentenciam

247 3957 263 3998 t,
275 3955 294 3988 α.
304 3943 402 3988 nucu:
418 3943 569 3988 Lurttbartar.
610 3958 633 3993 a.
643 3957 666 3999 9.
677 3945 748 4001 qutd,·
762 3945 858 3989 rectius:
869 3946 938 4001 quoa.
980 3946 998 3990 5.
1010 3947 1042 3990 lt:
1057 3947 1183 3993 treviarum.

192 4016 212 4068 5,
234 4015 258 4059 ti.
279 4014 312 4058 D:
333 4015 540 4058 sacramentaliter
559 4015 697 4070 consectum.
790 4029 814 4069 9,
836 4028 866 4059 to.
888 4015 918 4058 ls':
940 4016 1040 4058 ostendit
1059 4017 1182 4070 utromodo.

194 4097 221 4129 tt.
245 4082 276 4129 C:
299 4083 400 4127 boetiam
424 4083 447 4126 in
472 4096 545 4138 nrarg.
568 4084 612 4128 alia
636 4096 720 4138 marim
749 4085 779 4129 ib.
803 4084 931 4137 tertianam·
953 4084 985 4127 lt:
1010 4086 1033 4127 tn
1056 4086 1182 4142 sttrgatarr'.

194 4153 223 4199 13.
244 4151 320 4198 aue:
345 4153 427 4197 Tercr'o
447 4154 556 4197 ottettar.
628 4155 659 4197 ui.
681 4153 710 4198 B:
730 4167 813 4211 partem
832 4157 909 4206 deest;
931 4155 961 4197 ib.
983 4154 1014 4196 tt:
1035 4167 1061 4197 ee
1078 4167 1181 4198 manere.

193 4237 223 4278 ιγ.
241 4223 269 4267 B:
283 4228 307 4266 et
319 4226 481 4279 incompetens.
537 4235 570 4267 aa.
588 4224 616 4266 u:
636 4225 751 4268 declarat.
806 4235 841 4275 aa.
856 4224 885 4266 u:
901 4230 1048 4273 remaneret;
1060 4225 1092 4267 C:
1108 4236 1183 4267 rema-

192 4298 262 4344 neat,·
285 4292 317 4335 D:
341 4297 425 4335 manet.
533 4304 565 4348 ²7·
589 4292 686 4336 aucti:
709 4298 802 4337 sauctus
824 4293 902 4342 deest;
930 4294 953 4336 ib
985 4293 1014 4336 13:
1040 4294 1181 4348 r'mprotare.

192 4364 232 4406 28.
248 4362 279 4407 C:
295 4362 428 4417 tripliciter.
482 4374 519 4418 ²⁴]-
535 4361 628 4406 Atreu:
643 4363 810 4415 portsomarr's,·
825 4363 855 4405 D:
868 4364 1034 4417 pericomatt's:
1053 4363 1083 4404 ib.
1099 4361 1130 4404 tt:
1147 4364 1181 4404 tn·

191 4433 310 4489 tettt'gr'tur
326 4430 434 4475 Thamar.
490 4444 526 4488 ²9·
541 4431 576 4475 30.
592 4432 621 4475 ls':
638 4432 778 4487 improbare.
832 4430 867 4476 30.
884 4432 935 4476 llli:
949 4433 1027 4475 ott‘ct't.
