3046 4920
607 420 881 473 lNTRODUC'l‘lON.
1336 425 1402 474 lsl'll

93 600 223 664 moveri
259 601 291 660 in
324 599 415 662 terris
448 617 505 660 nec
538 615 616 674 esse,
653 594 708 655 sed
733 594 832 655 virtus
858 614 915 656 sua
940 610 987 657 est
1013 616 1070 678 per
1096 610 1202 658 totum
1231 600 1402 662 mundum.

92 706 185 785 item,
212 704 297 767 sicut
320 721 438 785 corpus
463 698 581 765 Christi
605 718 668 759 non
694 713 740 760 est
764 697 973 761 essentialiter
995 698 1027 760 in
1051 699 1167 777 hostia,
1192 701 1326 764 sitnon
1357 717 1404 766 est

90 810 217 894 aliquid
243 807 458 871 essentialiter
481 803 611 865 ibidem.
637 803 726 884 item,
750 823 864 886 corpus
877 803 995 866 Christi
1019 824 1084 867 non
1113 821 1161 869 est
1189 808 1404 869 essentialiter

93 916 129 978 in
153 926 358 976 sacramento
390 910 444 970 sed
479 908 511 969 in
548 911 627 972 telo.
672 909 751 970 ltem
784 909 874 971 nullo
910 910 1046 973 istorum
1078 912 1254 973 modorum
1287 932 1404 995 corpus

95 1020 222 1084 Christi
257 1015 359 1080 estin
389 1027 602 1092 sacramento,
635 1034 692 1077 net
724 1015 936 1078 essentialiter
970 1035 1026 1077 nec
1060 1013 1314 1080 substantialiter
1346 1037 1404 1079 nec

93 1121 323 1205 corporaliter.
341 1118 431 1198 item,
442 1138 507 1180 non
524 1125 599 1182 sunt
611 1117 759 1202 fingenda
774 1120 926 1183 miracula
942 1118 1010 1181 sine
1026 1121 1173 1202 patentia
1188 1122 1326 1183 racionis
1345 1171 1351 1184 .
1369 1171 1375 1184 .
1395 1169 1402 1184 .

92 1229 177 1290 ltem
204 1245 271 1286 non
295 1222 476 1287 admittitur
499 1225 589 1308 quod
612 1226 722 1287 eadem
747 1224 918 1287 materialis
942 1226 1082 1288 essentia
1107 1227 1149 1288 sit
1173 1225 1269 1287 simul
1292 1244 1403 1290 secun·

93 1333 176 1394 dum
203 1343 353 1392 naturam
378 1349 468 1392 suam
482 1349 539 1412 per
562 1329 683 1393 diversa
706 1331 784 1394 lota.
801 1330 890 1407 item,
910 1329 1095 1393 sicutenim
1112 1331 1199 1394 Deus
1216 1351 1279 1393 non
1296 1345 1404 1414 potest

96 1436 204 1498 iacere
229 1435 365 1498 eandem
390 1454 457 1497 rem
481 1434 514 1496 in
541 1454 675 1497 numero
699 1455 766 1496 esse
791 1434 886 1497 simul
920 1455 976 1517 per
1008 1436 1131 1499 diversa
1162 1435 1327 1515 instancia,
1360 1437 1403 1499 sic

93 1562 164 1603 non
192 1553 299 1622 potest
322 1538 424 1602 iacere
446 1541 580 1601 eandem
598 1538 772 1601 essentiam
795 1540 991 1602 materialem
1008 1560 1076 1602 esse
1092 1540 1187 1604 simul
1209 1560 1266 1623 per
1281 1541 1403 1603 diversa

90 1647 179 1718 lota,
216 1664 274 1707 nec
308 1645 445 1707 diversas
478 1644 677 1707 substantias
717 1644 894 1706 materiales
931 1665 998 1706 esse
1031 1645 1127 1709 simul
1165 1660 1309 1728 tempore
1347 1666 1404 1728 per

91 1751 240 1813 eundem
263 1749 594 1831 lotumadequatum.
620 1748 708 1828 Item,
734 1750 822 1831 quod
847 1764 1003 1832 repugnat
1027 1751 1111 1812 idem
1136 1770 1253 1832 corpus
1276 1771 1343 1813 esse
1359 1752 1404 1813 sic

71 1892 76 1899 ·
95 1854 361 1917 substantialiter
370 1873 426 1935 per
441 1854 544 1917 multa
559 1854 637 1915 lota.
656 1854 744 1933 item,
761 1855 848 1937 quod
866 1853 967 1916 fidelis
984 1855 1163 1938 theologus,
1178 1856 1278 1918 etiam
1294 1855 1404 1935 laicus,

92 1980 163 2022 non
189 1960 334 2020 crederet
357 1959 534 2040 predicanti
558 1959 647 2041 quod
672 1978 788 2042 corpus
811 1957 927 2022 Christi
953 1975 1000 2022 cst
1028 1959 1223 2043 septipedale
1258 1961 1289 2022 in
1323 1981 1401 2045 qua-

89 2084 237 2147 cumque
248 2079 336 2146 parte
360 2064 465 2126 hostie
489 2114 496 2129 .
522 2107 529 2122 .
554 2111 561 2127 .
584 2063 675 2141 item,
703 2063 818 2125 lalsum
843 2066 999 2147 estquod
1024 2084 1140 2148 corpus
1165 2062 1282 2130 Christi
1307 2065 1402 2127 habet

89 2168 306 2233 existentiam
329 2169 531 2251 corporalem
554 2168 586 2230 in
611 2184 817 2233 sacramento.
844 2171 933 2250 Item,
957 2171 1045 2253 quod
1071 2169 1206 2234 invaluit
1228 2189 1314 2232 error
1336 2190 1402 2254 quo

91 2273 269 2357 generacio
292 2273 459 2354 signorum
483 2273 569 2355 gravi
594 2274 689 2335 torde
714 2272 823 2336 nititur
848 2274 969 2336 trahere
1002 2295 1118 2358 corpus
1147 2275 1276 2337 Domini
1310 2277 1400 2357 quod

92 2398 229 2441 sursum
253 2392 302 2440 est
325 2380 503 2441 secundum
515 2398 606 2441 suam
629 2379 846 2441 substanciam
863 2399 970 2442 versus
987 2393 1104 2442 terram
1122 2429 1128 2442 .
1147 2428 1154 2443 .
1172 2428 1179 2444 .
1205 2381 1294 2454 item,
1312 2381 1401 2463 quod

94 2504 223 2566 corpus
247 2482 365 2547 Christi
391 2503 456 2546 non
481 2499 528 2546 est
552 2482 604 2545 hic
628 2483 659 2544 in
683 2498 880 2546 sacramento
904 2485 1080 2546 seeundum
1105 2485 1320 2548 substanciam
1346 2486 1401 2546 sed

89 2589 370 2651 sacramentaliter
393 2602 425 2650 et
447 2588 478 2650 in
503 2588 626 2669 signo.
650 2637 658 2652 .
683 2636 691 2651 .

202 2693 293 2773 ltem,
315 2690 471 2774 profiteor
495 2693 545 2774 pie
569 2707 600 2755 et
626 2693 771 2776 religiose
794 2695 883 2775 quod
917 2694 994 2755 mihi
1030 2715 1094 2757 non
1128 2695 1253 2775 placent
1278 2694 1401 2756 articuli

90 2798 146 2861 isti
178 2797 322 2861 eiusdem
346 2797 500 2860 iohannis
524 2798 688 2881 Wicleph:
722 2800 837 2881 primo,
870 2800 1000 2882 quando
1024 2798 1114 2862 dicit:
1149 2798 1208 2860 Hic
1237 2817 1311 2881 sepe
1336 2797 1400 2859 dixi

91 2903 189 2988 quod
216 2921 273 2963 nec
301 2902 389 2964 Deus
413 2923 471 2964 uec
494 2902 596 2965 homo
620 2919 724 2987 potest
749 2902 847 2966 fatere
871 2903 1016 2965 accidens
1040 2903 1108 2966 sine
1131 2903 1284 2966 subiecto.
1310 2902 1401 2982 irem,

89 3005 234 3070 indubie
257 3020 333 3093 sunt
355 3008 461 3070 cuncti
496 3007 623 3070 heretici
648 3008 704 3091 qui
733 3008 796 3071 hot
829 3007 1030 3091 pertinaciter
1065 3006 1251 3085 defendunt,
1283 3005 1401 3069 scilicet

94 3116 131 3174 in
162 3127 361 3175 sacramento
384 3111 489 3174 altaris
513 3112 658 3175 accidens
682 3133 748 3175 esse
772 3113 838 3175 sine
869 3113 1024 3176 subiecto.
1058 3114 1148 3192 item,
1184 3113 1265 3174 inter
1288 3131 1403 3174 omnes

93 3221 229 3282 hereses
261 3237 323 3301 que
358 3236 502 3300 unquam
545 3218 741 3300 pullularunt
776 3219 806 3279 in
842 3217 971 3281 ecclesia
1005 3233 1114 3280 sancta
1147 3215 1205 3279 Dei
1243 3237 1309 3279 non
1344 3214 1402 3279 luit

92 3321 269 3386 nefandior
290 3303 409 3384 heresis
434 3342 531 3405 quam
556 3343 678 3405 ponens
702 3324 855 3385 accidens
870 3325 937 3386 sine
961 3324 1105 3386 subiecto
1129 3342 1196 3384 esse
1220 3321 1281 3384 hot
1308 3341 1402 3383 vene-

91 3427 198 3491 rabile
210 3441 453 3489 sacramentnm.
468 3427 557 3506 ltem,
570 3448 674 3490 revera
686 3448 767 3510 papa
776 3429 983 3492 innocencius
995 3443 1025 3492 et
1036 3429 1103 3491 eius
1113 3427 1260 3511 discipuli
1271 3442 1402 3510 possent

91 3532 197 3596 citius
220 3530 320 3593 iacere
344 3533 464 3594 multos
485 3530 593 3595 fideles
606 3534 729 3596 credere
740 3535 830 3616 quod
854 3534 957 3615 ipsum
983 3548 1219 3596 sacramentum
1241 3532 1282 3595 sit
1306 3546 1402 3614 caput

91 3637 178 3699 asini
191 3636 238 3697 vel
250 3656 443 3720 quecunque
454 3638 634 3700 substancia
650 3639 710 3701 alia
727 3640 920 3701 nominanda
939 3637 1090 3721 (subaudi
1109 3659 1205 3721 quam
1222 3638 1402 3701 accidentia

92 3758 182 3805 stare
207 3741 247 3803 ibi
272 3742 339 3803 sine
363 3741 535 3827 subiecto).
560 3744 650 3820 item,
676 3762 781 3805 revera
808 3744 1028 3826 netprophere
1053 3743 1129 3804 Baal
1152 3744 1191 3804 de
1214 3742 1330 3824 quibus
1357 3741 1397 3802 lll

94 3849 181 3928 Reg.
219 3845 322 3909 XVlll
348 3897 355 3910 .
382 3891 421 3909 ..
455 3845 584 3908 inerunt
617 3848 716 3930 magis
751 3848 878 3911 heretici
913 3848 1048 3910 idolatre
1082 3867 1178 3932 qnam
1212 3861 1287 3908 sunt
1320 3847 1399 3908 tales

91 3951 252 4038 (subaudi
275 3967 432 4034 ponentes
457 3951 488 4014 in
513 3967 713 4015 sacramento
736 3952 844 4018 altaris
867 3954 1045 4017 accidentia
1068 3953 1136 4038 sine
1159 3947 1400 4033 subiecto...)

95 4059 194 4135 item,
218 4075 254 4117 ex
277 4055 345 4119 istis
370 4056 577 4138 probabiliter
599 4058 800 4121 convincitur
822 4060 908 4142 quod
933 4060 1014 4121 inter
1042 4077 1156 4120 omnes
1189 4056 1315 4119 hereses
1337 4074 1401 4138 que

95 4180 247 4245 unquam
271 4162 311 4224 de
334 4176 536 4226 sacramento
560 4163 667 4224 altaris
691 4181 920 4246 surrepserunt,
947 4163 1063 4226 heresis
1088 4165 1126 4225 de
1151 4162 1217 4224 eius
1242 4161 1398 4245 quiditate

94 4288 164 4351 qua
200 4264 332 4346 fingitur
364 4270 451 4351 quod
483 4270 524 4331 sit
558 4267 703 4330 accidens
735 4271 800 4331 sine
834 4270 978 4331 subiecto
1003 4269 1050 4330 vel
1077 4270 1189 4332 talium
1215 4265 1400 4350 aggregatio

94 4388 145 4434 est
171 4372 272 4453 magis
295 4375 429 4436 subdola
453 4389 483 4436 et
508 4375 702 4456 blasphema.
