3046 4920
253 423 324 470 cna.
338 407 394 498 1v.]
598 431 643 481 ne
663 428 905 480 eucuantsrta.

255 585 330 668 quia
349 586 445 650 nimis
463 589 672 671 equivocatur
688 587 718 648 in
735 585 912 667 quidditate
933 585 1037 647 misse.
1063 587 1133 646 Non
1158 587 1241 646 enim

253 689 350 755 habet
373 693 510 776 quilibet
533 692 690 773 presbiter
714 689 936 752 auctoritatem
962 689 1105 751 mittendi
1126 709 1243 771 corpus

253 794 374 859 Christi
398 798 436 859 ad
462 797 567 857 celum
592 796 640 856 vel
667 793 813 856 trahendi
830 794 935 877 ipsum
953 793 993 854 ad
1010 794 1168 876 populum
1186 815 1243 856 nec

254 898 327 963 lacit
345 920 464 984 corpus
480 898 601 962 Christi
626 900 679 959 sed
698 899 828 960 missam
853 898 987 961 celebrat
1011 912 1137 980 postet
1160 912 1243 975 ante,

228 1012 367 1087 symmo
410 1018 535 1066 tantum
573 1002 655 1064 valet
692 1001 840 1066 Christus
884 1002 1018 1065 existens
1059 1002 1089 1064 in
1136 1002 1243 1064 medio

252 1108 421 1192 laycorum
443 1108 499 1190 qui
526 1108 557 1169 in
582 1126 642 1168 suo
668 1107 800 1170 nomine
823 1121 1059 1190 congregantur
1078 1105 1244 1188 sicutipse

253 1212 401 1277 Christus
425 1233 483 1294 per
506 1232 734 1294 quemcunque
757 1213 954 1275 sacerdotem
983 1212 1115 1273 ubilibet
1143 1209 1243 1273 lactus

252 1333 396 1395 presens;
414 1316 487 1378 ideo
506 1316 601 1378 nimis
617 1316 685 1377 leve
701 1318 784 1380 soret
800 1316 1000 1399 dicerequod
1011 1315 1137 1378 bonitas
1150 1316 1243 1378 misse

251 1420 428 1485 attenditur
450 1441 548 1503 penes
573 1421 750 1484 bonitatem
766 1420 888 1484 Christi
904 1421 953 1482 vel
970 1419 1066 1502 partis
1083 1439 1150 1499 sue,
1167 1419 1240 1503 quia

210 1541 330 1589 rotunc
355 1527 452 1587 nimis
475 1526 560 1588 bona
586 1525 665 1588 soret
689 1526 879 1609 generaliter
901 1525 995 1587 missa
1019 1525 1197 1607 presbiteri.

294 1631 357 1693 Sed
382 1632 421 1691 de
446 1631 580 1713 paritate
606 1629 755 1692 bonitatis
778 1630 880 1692 hostie
897 1645 943 1693 est
960 1625 1141 1707 difficultas,
1166 1649 1241 1691 cum
1271 1641 1322 1686 Tne
1338 1642 1442 1685 struent

250 1736 318 1818 ipsa
343 1736 384 1798 sit
407 1734 537 1816 signum
558 1734 678 1797 Christi
704 1750 734 1797 et
758 1755 822 1797 non
847 1755 918 1817 pars
935 1734 1017 1814 eius3
1041 1754 1115 1796 cum
1133 1695 1289 1817 itaquen'c
1303 1707 1448 1791 illidii-‘¹⁰

250 1840 258 1854 .
412 1838 419 1852 .
492 1839 498 1850 .
547 1837 554 1851 .
666 1838 672 1850 .
810 1839 816 1851 .
918 1841 924 1852 ,
1119 1837 1125 1849 .
1160 1837 1167 1850 ,
1250 1801 1371 1843 character
1385 1801 1413 1843 ni
1424 1801 1462 1842 the

251 1840 303 1902 illa
337 1840 441 1902 hostia
474 1837 632 1923 significat
665 1853 745 1901 inter
776 1840 836 1902 alia
872 1859 1025 1901 unionem
1050 1837 1168 1902 Christi
1201 1838 1241 1898 ad
1318 1853 1399 1907 pne-st.

250 1943 416 2007 ecclesiam
446 1959 476 2006 et
506 1943 593 2005 illam
623 1941 782 2005 efficacius
810 1941 965 2026 significat
994 1942 1120 2024 siguum
1146 1943 1241 2004 unius

209 2046 397 2112 rilacientis
430 2049 519 2111 illam
553 2047 705 2109 unionem
738 2068 834 2130 quarn
875 2048 1000 2126 signum
1038 2046 1115 2109 illud
1153 2047 1240 2128 quod

251 2153 386 2235 impedit
419 2153 588 2230 unionem,
622 2171 696 2233 ergo
729 2151 889 2214 efficacius
927 2167 972 2213 est
1006 2164 1241 2213 sacramentum

249 2256 435 2320 huiusmodi
465 2256 497 2318 in
522 2257 684 2319 sacerdote
710 2259 795 2317 bono
819 2276 915 2338 quam
941 2254 1039 2335 mal03
1068 2269 1099 2317 et
1126 2256 1170 2317 sic
1195 2253 1241 2315 in·

249 2361 440 2445 telliguntur
466 2362 592 2424 decreta
622 2363 721 2422 multa
752 2380 813 2442 que
843 2360 996 2421 mandant
1024 2361 1111 2441 quod
1141 2360 1240 2421 horno

251 2486 315 2528 non
354 2467 464 2527 audiat
503 2465 636 2527 missam
672 2465 838 2547 presbiteri
877 2464 1002 2526 notorie
1038 2462 1239 2541 fornicantis;

205 2571 333 2648 aoideo‚
366 2571 510 2653 inquam,
544 2590 608 2631 non
642 2585 688 2631 est
719 2569 886 2646 audienda,
925 2567 997 2651 quia
1033 2581 1080 2630 est
1112 2567 1178 2629 Deo
1210 2581 1240 2629 et

249 2674 374 2738 homini
398 2674 528 2737 odibilis
552 2689 583 2736 et
607 2674 718 2735 nociva
742 2672 880 2735 ecclesie,

292 2780 339 2841 Ex
368 2780 487 2861 quibus
517 2778 644 2840 videtur
672 2780 759 2861 quod
790 2779 905 2839 nedum
936 2777 1029 2838 missa
1056 2778 1111 2840 sed
1135 2776 1239 2838 hostia

248 2899 296 2946 est
319 2885 435 2946 melior
459 2884 490 2944 in
517 2903 582 2946 uno
606 2883 779 2966 presbitero
808 2883 893 2944 etin
921 2882 982 2944 alio
1007 2883 1114 2944 minus
1139 2882 1238 2958 bona;

248 3009 324 3051 nam
362 3009 462 3071 quam
502 2986 610 3050 ellicax
650 2988 778 3070 signum
820 3003 867 3050 est
908 2989 947 3048 ad
994 2987 1236 3049 memorandum

203 3104 235 3154 25
248 3094 404 3156 memorie
428 3093 527 3156 vitam
545 3092 666 3155 Christi
691 3108 756 3155 tam
780 3095 902 3155 bonum
923 3105 1157 3153 sacramentum
1181 3106 1237 3165 est,

247 3201 302 3262 sed
328 3200 360 3260 in
385 3218 451 3261 uno
475 3199 639 3261 sacerdote
664 3200 775 3261 estad
800 3198 859 3259 hoc
883 3194 1043 3260 efficacius
1062 3198 1189 3279 signum
1207 3211 1238 3259 et

247 3304 278 3366 in
307 3305 372 3366 alio
402 3306 510 3367 minus
540 3302 664 3367 efficax:
699 3325 774 3388 ergo
803 3304 846 3366 sic
874 3319 921 3366 est
950 3301 1237 3385 proporcionaliter

246 3411 362 3472 melius
387 3424 635 3473 sacramentum.

290 3513 485 3598 Distinguat‚
532 3517 674 3598 inquam,
717 3514 893 3577 katholicus
936 3514 1017 3576 inter
1059 3513 1233 3576 bonitatem
1268 3525 1435 3584 triennem)-

1245 3578 1321 3621 which
1337 3591 1418 3622 comcs
1432 3584 1456 3622 ot

204 3632 236 3683 30
247 3620 427 3684 naturalem
444 3621 546 3683 hostie
563 3641 625 3704 que
642 3636 689 3682 est
706 3642 762 3701 par
777 3620 808 3681 in
831 3619 894 3681 alio
919 3640 1001 3702 pane
1026 3638 1091 3680 non
1114 3634 1234 3679 sacrato
1279 3631 1425 3736 „illihic

244 3747 281 3789 ac
313 3727 493 3789 bonitatem
523 3726 591 3787 eius
623 3728 785 3805 moralem,
815 3740 844 3787 et
877 3726 993 3787 videbit
1024 3726 1111 3807 quod
1148 3725 1233 3786 illam
1280 3736 1422 3791 alwaysrhc

246 3847 351 3914 potest
375 3834 535 3914 suscipere
561 3831 660 3914 magis
684 3846 714 3891 et
738 3832 845 3892 minus
875 3832 1050 3891 secundum
1082 3831 1232 3891 meritum
1311 3802 1388 3834 ⁵³⁰¹*

245 3953 275 3999 et
296 3939 498 4001 sanctitatem
524 3938 586 3997 vite
611 3938 791 4017 presbiteri;
817 3957 879 3997 non
905 3938 989 3996 enim
1013 3956 1068 4016 per
1093 3956 1126 3998 se
1150 3935 1234 4016 capit

298 4177 362 4221 1.l):
383 4190 447 4220 mem
460 4178 629 4234 equivocorum
648 4178 678 4219 ib.
694 4177 790 4220 hisch:
812 4178 835 4219 iu
856 4179 885 4220 de
903 4177 1040 4232 qaidds'tare.
1120 4173 1139 4220 3.
1157 4175 1188 4218 h:
1208 4176 1232 4217 in

243 4248 325 4291 celum.
381 4246 410 4301 13,
428 4261 459 4300 ¹4·
475 4248 507 4291 D:
522 4249 611 4302 signat.
668 4247 694 4290 15.
704 4247 879 4302 pacientis-E:
895 4246 1033 4289 sacerdotis.
1088 4256 1123 4288 20.
1139 4245 1232 4289 ancli:

243 4318 327 4373 inquit.
383 4329 416 4360 aa.
434 4317 629 4374 lltqnnddccst.
685 4316 913 4372 30<1›:n›10p.1m·.
973 4315 1232 4359 lectionarium:

244 4387 274 4430 E:
295 4387 481 4438 achonitarum
499 4387 530 4430 ih.
547 4388 578 4429 ll:
598 4388 683 4429 nicilum
698 4393 735 4429 vl:
752 4388 783 4428 ih.
799 4387 887 4429 Cndd.:
908 4387 958 4428 illi.
