3046 4920
206 451 276 497 car».
291 436 332 527 ra]
545 455 590 507 ne
610 455 856 506 uucuaarsrm.

207 615 484 678 consecracionem
524 633 592 675 esse
630 611 812 695 ydemptice
850 632 967 694 corpus
1006 613 1127 676 Christi
1167 630 1200 678 et

207 721 411 802 sanguinem:
445 720 519 782 ideo
548 717 631 779 sicut
654 717 784 780 ecclesia
808 717 939 780 variavit
964 718 995 778 iu
1019 719 1089 780 aliis
1113 720 1196 780 acci·

206 826 385 888 dentalibus
414 839 518 907 preter
548 821 658 901 fidem,
690 821 735 884 sic
764 824 858 885 debet
885 843 923 884 ex
952 843 1047 886 causa
1076 823 1199 886 variare

207 930 238 992 in
265 931 357 1013 loyca
381 943 483 992 stante
508 927 671 990 sentencia
694 942 725 990 et
748 929 792 990 sic
816 927 888 992 lide.
914 928 1085 992 Variarunt
1108 929 1196 991 euim

182 1034 446 1099 §observanciam
470 1033 592 1096 sabbati
616 1053 635 1095 a
659 1033 736 1097 feria
752 1032 885 1116 septima
902 1054 1004 1117 usque
1027 1035 1066 1095 ad
1085 1033 1199 1097 leriam

205 1141 348 1224 quintam
378 1154 408 1202 et
436 1139 555 1201 abhinc
584 1159 684 1224 usque
717 1139 756 1201 ad
786 1139 896 1201 feriam
925 1140 1077 1222 primam,
1106 1139 1197 1222 quod

209 1245 304 1308 hodie
327 1247 476 1307 observat
495 1244 627 1306 ecclesia
652 1258 755 1308 stante
778 1242 841 1306 fide
864 1263 930 1304 non
949 1243 1078 1322 variata,
1106 1244 1198 1307 etita

206 1351 244 1412 de
257 1349 368 1413 multis
384 1349 542 1413 similibus
566 1363 671 1431 preter
695 1347 807 1428 lidem;
831 1369 929 1432 quare
946 1368 1023 1431 ergo
1041 1350 1196 1411 nonlicet

205 1455 334 1532 ecclesie
358 1454 475 1517 variare
499 1454 532 1515 in
552 1456 654 1536 loyca,
679 1455 834 1516 servando
852 1452 949 1515 fidem
965 1468 996 1515 et
1013 1453 1197 1515 obserando

164 1559 401 1623 roinhdelitatis
442 1559 580 1638 aditum,
626 1558 709 1621 sicut
747 1571 856 1621 custos
891 1559 984 1620 castri
1026 1579 1062 1620 ex
1102 1577 1198 1620 causa

204 1664 388 1728 rationabili
413 1678 518 1725 mutat
542 1677 663 1744 portas,
687 1682 744 1724 uec
768 1661 830 1723 hoc
845 1662 919 1725 lieet
935 1662 995 1724 nisi
1012 1683 1088 1725 curu
1105 1661 1195 1724 sulli-

204 1769 298 1832 cienti
325 1789 362 1831 ac
391 1767 578 1831 racionabili
602 1768 732 1829 decreto
756 1767 938 1830 custodum.
974 1767 1094 1850 Aliqua
1118 1788 1195 1850 ergo

202 1891 279 1938 sunt
303 1875 372 1937 loca
396 1874 427 1936 in
452 1873 571 1956 quibus
595 1871 725 1954 expedit
748 1870 866 1934 variare
889 1872 921 1934 in
946 1874 1038 1956 loyca
1062 1888 1196 1956 propter

203 1979 379 2062 periculum
409 1979 598 2040 evitandum
627 1992 657 2039 et
686 1978 792 2059 aliqua
822 1991 897 2040 sunt
925 1978 995 2039 loca
1019 1977 1050 2038 iu
1075 1977 1196 2059 quibus

162 2095 268 2147 iinon
295 2083 447 2147 convenit
472 2082 605 2162 variare;
639 2097 670 2145 et
695 2096 781 2165 patet
804 2083 892 2164 quod
916 2103 979 2144 uon
1005 2096 1144 2164 oportet,
1168 2082 1193 2144 si

201 2189 301 2251 sancti
325 2190 474 2250 doctores
504 2186 635 2250 ecclesie
664 2186 821 2248 katholico
850 2187 894 2247 sic
923 2185 1084 2267 locuntur,
1115 2202 1193 2250 tuuc
1219 2199 1407 2272 heinriciana·

202 2294 275 2356 licet
297 2292 426 2355 cuilibet
443 2292 606 2354 katholico
624 2291 666 2354 ita
682 2291 784 2374 loqui,
809 2305 842 2353 ut
859 2291 971 2354 beatus·
990 2292 1194 2354 bernhardus
1231 2254 1393 2348 dliii-llil.

202 2400 233 2460 iu
268 2418 415 2461 sermone
449 2398 496 2459 De
532 2395 737 2458 Exaltacione
772 2412 879 2458 sancte
911 2396 1024 2476 crucis,
1058 2398 1115 2479 qui
1149 2397 1194 2459 sic

203 2503 312 2586 incipit
334 2503 386 2564 De
410 2503 515 2584 virga
531 2501 636 2563 Jesse
660 2500 704 2562 sic
728 2501 882 2584 loquitur:
909 2502 1031 2564 illarius
1055 2502 1111 2564 ille
1133 2521 1196 2584 qne

155 2638 190 2672 ευ
189 2608 421 2692 formaverunt
450 2608 535 2669 celos·
564 2617 691 2669 excurse
718 2616 794 2669 surr!
822 2608 856 2669 in
885 2626 992 2669 cruce.
1027 2607 1066 2668 Et
1091 2609 1194 2669 multa

201 2714 316 2776 similia
346 2713 457 2775 dicunt
486 2712 545 2774 iste
573 2725 701 2773 sanctus
731 2727 762 2774 ct
786 2732 861 2776 usus
884 2711 1015 2774 ecclesie
1038 2733 1102 2795 que
1128 2732 1193 2775 non

201 2832 276 2881 sunt
314 2817 406 2879 nobis
442 2816 632 2899 generaliter
665 2816 810 2879 trahendi
844 2817 875 2879 in
909 2816 1192 2900 consequendam,

200 2925 276 3007 quia
314 2942 372 2985 ncc
410 2942 525 2984 manus
560 2923 742 3003 corporales
774 2921 890 2984 Christi
924 2936 1033 2985 eterne
1067 2922 1194 2984 fucrant

201 3026 349 3092 crucifixe
381 3047 439 3090 nec
472 3047 589 3089 manus
623 3027 801 3109 spirituales
834 3047 896 3110 que
932 3043 1008 3090 sunt
1043 3029 1192 3109 potencia

154 3132 369 3216 :joperandi3
408 3153 482 3193 nuru
512 3152 628 3193 manus
660 3134 842 3214 corporales
872 3153 937 3194 uon
966 3132 1078 3196 habuit
1107 3147 1196 3196 ante·

200 3260 299 3322 quam
317 3238 417 3301 luerat
433 3239 628 3317 incarnatus,
652 3239 727 3320 quia
753 3255 829 3301 tunc
846 3237 957 3302 luisset
974 3239 1060 3303 Deus
1078 3258 1196 3320 corpus

201 3360 374 3426 antequam
403 3344 463 3408 luit
492 3343 646 3423 mundus,
677 3363 734 3405 nec
762 3364 876 3405 uranus
899 3343 1092 3425 spirituales,
1118 3346 1195 3427 quia

201 3470 314 3512 omnes
343 3450 394 3511 illc
422 3465 497 3512 sunt
520 3448 630 3509 divina
659 3449 810 3527 essentia,
840 3464 870 3511 et
896 3449 941 3510 sic
965 3449 1105 3511 Trinitas
1130 3469 1194 3531 que

203 3578 269 3618 non
294 3570 397 3639 potest
421 3556 549 3618 extendi
575 3557 622 3616 vel
647 3556 712 3638 pati
737 3554 794 3617 uisi
819 3555 977 3617 incidatur
1001 3557 1032 3617 in
1054 3555 1191 3617 heresim

253 3882 275 3919 4.
291 3868 369 3912 linia·
382 3868 455 3911 deest.
501 3868 685 3922 7.l‘·:r·.rrrirle.
729 3868 1007 3922 n.attemptandum.
1050 3867 1192 3910 rnelllltli:

200 3940 313 3982 additum.
362 3950 390 3981 re.
407 3939 436 3982 E:
452 3939 560 3981 castrans.
613 3939 641 3990 15,
658 3939 688 3981 ui.
706 3938 758 3982 illl:
772 3939 901 3982 secana-rit
948 3940 979 3981 tti.
995 3937 1070 3981 neti:
1085 3937 1195 3980 art-rores

200 4011 273 4053 eciam
287 4009 415 4058 lr.t!ltolr'ce.·
436 4009 464 4050 ll:
480 4008 577 4052 ecclesie
591 4009 661 4051 deest.
723 4021 752 4063 17.
768 4009 864 4052 nucu:
879 4009 1001 4051 catllrolr'ee.
1058 4010 1088 4050 ιδ’.
1105 4008 1137 4050 C:
1153 4010 1196 4062 ,μα’

202 4081 225 4125 in
241 4092 313 4134 nutrit.
327 4079 371 4122 alia
387 4091 465 4122 nrarru.
520 4091 552 4132 ts).
569 4078 601 4121 D:
618 4079 652 4121 lle
665 4079 737 4121 deest.
791 4077 1001 4134 zpbtputeacie.
1056 4078 1195 4121 ratzath·

201 4150 225 4194 iu
240 4162 312 4204 nrarg.
328 4148 372 4193 alia
387 4161 466 4193 ruauu.

260 4345 297 4396 ro.
325 4329 431 4378 Rectius
454 4329 494 4390 (ut
518 4328 644 4386 vide-turi:
670 4329 706 4377 ue
731 4327 834 4377 duobus
860 4327 997 4393 discipulis
1020 4327 1143 4376 euntibus
1167 4328 1193 4375 in

203 4418 310 4466 timaus.
334 4416 373 4466 Cl'.
393 4418 471 4482 Opp„
491 4431 551 4481 pag.
569 4415 641 4466 1553.
