3046 4920
674 488 846 545 romnus
861 486 1005 541 wicun
1205 468 1289 563 [ene.
1300 486 1334 535 v.

344 663 382 706 ex
413 645 641 711 benediccione
670 646 801 711 Domini
833 647 883 711 uel
915 646 1043 729 virtute,
1075 644 1122 709 sic
1152 648 1241 729 quod
1274 666 1334 713 uec

344 748 436 834 panis
458 769 517 814 uec
538 750 653 816 vinum
675 749 708 815 io
729 750 794 815 ltoc
815 762 1016 816 sacramento
1038 747 1223 813 destruitur.

129 867 226 914 unnim
241 865 327 922 quone
392 853 509 918 Tercio
532 854 705 939 replicatur
725 874 784 939 per
806 854 1030 939 provectiores
1052 853 1201 919 doctores
1223 866 1337 919 contra

124 917 519 1042 “illlilli'wl'il’predieum
550 958 758 1023 sentenciam.
798 958 914 1023 Scribit
947 957 1036 1021 enirn
1066 956 1264 1023 Anshelmus
1300 958 1334 1023 in

130 1024 293 1135 ¹¹¹⁸0¹i¹ll⁸il2¹
306 1023 328 1069 ¹⁸
342 1062 423 1127 libro
454 1084 516 1129 suo
540 1062 588 1127 De
610 1060 757 1147 Corpore
780 1060 911 1148 consti,
941 1060 1112 1147 quomodo
1138 1061 1201 1126 sub
1228 1060 1360 1131 lormet

154 1140 306 1187 'mm'
340 1168 433 1251 penis
455 1180 488 1231 et
509 1166 575 1231 viui
596 1168 693 1231 datur
714 1165 808 1231 nobis
829 1180 901 1233 tote
922 1166 1106 1233 humanitus
1129 1164 1263 1247 Christi,
1285 1164 1332 1231 sic

341 1273 432 1357 quod
454 1270 546 1355 penis
567 1270 658 1337 tieret
672 1290 790 1357 corpur
804 1270 925 1337 Christi
945 1286 978 1337 et
992 1271 1106 1337 uinum
1123 1270 1194 1336 eius
1212 1270 1333 1353 enimn,

341 1396 416 1441 cum
442 1374 573 1461 sanguis
599 1391 770 1461 generatus
796 1396 836 1443 ex
855 1376 933 1442 vino
955 1377 998 1442 sit
1018 1376 1200 1442 secundum
1222 1375 1331 1461 pbilo-

339 1480 463 1565 sophos
493 1481 584 1545 sedes
610 1481 729 1565 anime,
759 1502 874 1567 ymmo
901 1502 978 1547 cum
1004 1502 1124 1567 corpus
1146 1478 1267 1547 Christi
1292 1478 1335 1544 sit

339 1584 522 1651 inviolabile
558 1599 591 1652 et
620 1585 878 1673 incorruptibile3
914 1602 947 1653 et
976 1586 1105 1653 ridetur
1134 1586 1333 1673 quandoque
1345 1612 1379 1649 ιο

341 1690 482 1755 hostiam
515 1691 635 1757 violare
671 1706 704 1759 et
733 1714 752 1757 a
782 1692 940 1757 soricibus
971 1692 1101 1759 comedi
1130 1707 1164 1757 et
1193 1690 1333 1757 corrodi.

339 1796 503 1861 Tollendo
534 1796 629 1861 istem
657 1796 883 1863 difficultatem
909 1798 955 1862 sic
980 1796 1127 1882 loquitur
1152 1796 1333 1862 secuudum

339 1899 552 1965 diffinitiones
591 1915 780 1967 sanctorum
816 1914 962 1987 patrum:
999 1901 1255 1988 Intelligendum
1285 1910 1336 1965 ert

333 2024 457 2088 panem
478 2024 581 2088 super
593 2006 702 2071 altare
710 2005 856 2090 positum
866 2026 931 2092 per
944 2006 1003 2071 illa
1021 2005 1217 2089 sollempnia
1233 2004 1332 2069 verta

338 2111 372 2173 in
399 2130 522 2196 corpus
545 2112 680 2190 mutari,
708 2130 769 2177 nec
789 2130 961 2177 remanere
988 2112 1214 2177 substanciam
1231 2109 1332 2194 panis
1345 2120 1376 2175 ι5

337 2216 469 2293 etvini,
498 2216 637 2301 speciem
663 2226 772 2281 tamen
799 2217 1044 2303 intelligendum
1072 2226 1122 2281 est
1147 2234 1331 2293 remanere,

337 2321 460 2386 scilicet
471 2325 627 2399 samana,
651 2320 793 2386 colorent
808 2331 841 2387 et
853 2340 1018 2407 saporem,
1032 2333 1064 2387 et
1077 2321 1257 2387 secundum
1271 2319 1331 2383 illa

326 2426 373 2511 stt
386 2427 524 2505 attricio,
545 2427 664 2493 soricis
685 2428 831 2493 mrrosio
852 2438 884 2493 et
898 2428 1069 2513 multiplex
1081 2425 1198 2492 loculis
1217 2424 1332 2502 mocio,

339 2542 375 2595 ut
395 2532 429 2595 iu
454 2543 596 2597 ventrem
619 2532 768 2612 tradicio,
789 2552 854 2597 non
876 2542 987 2597 autem
1009 2532 1186 2598 secundum
1208 2548 1331 2614 eorpus

341 2636 469 2700 Christi.
493 2637 535 2700 Es
558 2634 627 2700 istis
643 2637 768 2701 videtur
782 2636 870 2702 huuc
892 2653 1041 2702 sanctum
1063 2636 1181 2701 sentire
1203 2634 1375 2700 nudumao

338 2740 483 2804 accidens
507 2761 563 2824 per
586 2762 620 2804 se
643 2762 820 2822 remanere,
844 2755 880 2805 ut
903 2741 1014 2806 dicunt
1037 2741 1194 2804 moderni.

128 2871 322 2918 uenerantur
385 2845 447 2909 Sed
481 2866 539 2929 pro
571 2845 634 2910 isto
666 2846 844 2911 notandum
876 2847 965 2930 quod
993 2847 1189 2910 Anshelmus
1217 2859 1249 2907 et
1275 2842 1330 2907 alii

144 2938 178 3023 Ὺ
194 2925 307 3039 ’ἔῖἓάηῗξῑ
339 2951 438 3012 sancti
466 2951 685 3015 laboraverant
714 2970 780 3014 non
809 2950 850 3013 ad
873 2951 1142 3041 honoremillius
1165 2949 1248 3034 sigui
1271 2948 1328 3011 sed

122 3033 176 3075 Μ’*
203 3030 248 3074 ¹¹¹³
261 3042 328 3074 *¹⁰⁶¹
338 3057 379 3118 ed
399 3055 645 3120 veneracionem
661 3057 805 3140 corporis
822 3056 940 3121 Christi
956 3057 1072 3140 signati
1088 3071 1120 3119 et
1134 3055 1180 3120 sic
1193 3052 1329 3133 Christi;

339 3172 369 3222 et
395 3159 440 3222 sic
468 3160 653 3225 nitebantur
674 3163 763 3245 quod
786 3162 950 3246 quidditns
972 3159 1153 3225 substancie
1175 3155 1329 3243 signantis
1339 3170 1371 3222 25

338 3265 485 3348 sopiatur
520 3267 629 3349 quoad
668 3266 959 3330 consideracionem
996 3264 1147 3339 hominis,
1197 3279 1229 3327 et
1260 3277 1328 3326 tota

337 3370 454 3433 devota
481 3370 621 3433 intencio
649 3371 816 3456 colligatur
837 3371 868 3433 in
895 3372 1072 3451 Christum,
1095 3372 1135 3432 ad
1159 3369 1249 3452 quod
1272 3388 1330 3451 per

338 3494 371 3536 se
394 3488 527 3538 movent
542 3476 632 3558 signa
650 3497 706 3561 per
724 3497 758 3540 se
778 3477 938 3540 sensibilia
961 3491 992 3539 et
1008 3496 1073 3540 non
1094 3475 1140 3538 sic
1156 3471 1329 3537 materialis

337 3578 527 3643 substancia.
560 3580 613 3644 Sic
645 3582 732 3644 enim
764 3580 796 3644 in
829 3582 990 3666 presencia
1019 3579 1149 3643 maioris
1177 3579 1228 3640 vel
1257 3596 1327 3661 pre·

338 3685 576 3765 ponderacioris
599 3685 715 3749 obiecti
738 3686 1077 3770 sopiturappreciacio
1097 3683 1269 3763 inlerioris,
1293 3695 1328 3744 ut
1338 3696 1371 3749 30

337 3803 424 3870 patet
435 3791 474 3851 de
490 3790 655 3854 elementis
670 3789 813 3853 inmixtis
826 3812 888 3875 que
905 3791 997 3855 multi
1015 3805 1145 3875 propter
1157 3787 1327 3853 lutenciam

389 4059 410 4102 7.
426 4047 456 4091 E:
469 4046 581 4104 figuram
598 4047 632 4092 D:
644 4045 740 4102 fisuret.
802 4048 824 4092 ll.
839 4048 873 4094 D:
886 4048 925 4105 fit.
994 4061 1021 4093 rr.
1036 4047 1067 4093 Er
1085 4048 1175 4092 uiolari
1186 4051 1210 4092 et
1223 4046 1327 4092 cot-rodi.

338 4128 371 4173 19.
390 4116 421 4161 E:
441 4122 464 4162 et
481 4118 505 4162 iu
524 4123 636 4162 uentrem.
716 4129 748 4163 ιι.
766 4118 842 4163 Aue:
862 4131 964 4162 monne.
1046 4117 1080 4164 sl.
1100 4117 1131 4163 C:
1150 4118 1326 4162 laboraverunt.

338 4198 374 4243 29.
389 4187 463 4232 Aue:
478 4188 606 4242 simitum
620 4187 653 4232 D:
668 4188 715 4233 Sic.

389 4365 414 4414 4.
438 4350 524 4401 Sancti
544 4351 662 4401 Anselmi
682 4350 860 4418 Epistularum
882 4352 939 4402 Lib.
958 4352 1001 4415 IV,
1020 4351 1070 4417 Ep.
1089 4351 1167 4402 Cl‘ll.
1190 4351 1229 4402 De
1248 4351 1326 4417 Corp.

338 4436 442 4497 christ,
462 4453 521 4504 pag.
540 4437 601 4502 452,
618 4438 679 4503 453.
