3046 4920
650 432 978 487 tounuutswrcutr
1178 412 1309 503 [rann

320 586 479 653 Trinitate
498 604 531 655 et
546 590 623 655 Fide
638 589 806 670 katholico,
824 591 897 655 Una
912 604 1006 655 vero:
1030 586 1159 671 Corpus
1175 588 1308 669 arrisu,

319 692 437 779 inquit,
466 704 499 759 et
524 695 664 781 sarrgnis
693 696 753 761 sub
782 696 950 779 speciebus
974 694 1079 779 panis
1109 700 1142 757 et
1173 690 1244 755 riui
1272 692 1307 755 in

318 809 524 864 sacramento
559 798 676 863 citaris
711 800 869 863 veraciter
897 798 1107 863 metirentur
1135 796 1308 861 transsab-

318 904 486 969 etauciatis
517 922 605 987 pune
639 903 672 965 in
708 920 828 985 corpus
864 912 896 965 et
930 904 1006 967 eino
1041 903 1076 967 in
1107 899 1307 987 sauguinem

313 1017 473 1091 potestate
499 1006 618 1069 diune.
649 1002 683 1069 Si
715 1018 824 1069 autem
853 1005 945 1089 panis
971 1018 1004 1069 et
1029 1004 1144 1069 vinum
1172 1008 1333 1069 manent5

319 1110 441 1194 integra
474 1124 506 1173 et
535 1128 601 1173 non
634 1108 765 1173 alterata
796 1120 870 1191 port
899 1108 1192 1192 contemtionem,
1223 1126 1306 1193 quo·

321 1215 421 1279 modo
454 1227 531 1277 aunt
565 1212 867 1277 transsubstantiare
901 1228 959 1295 per
988 1211 1084 1275 verba
1114 1206 1308 1277 acerdotiai

19 1364 22 1369 .
124 1332 250 1378 nennius„
264 1332 293 1376 or
366 1318 402 1381 ln
433 1316 494 1381 iata
521 1315 651 1382 materia
678 1314 778 1379 nostri
805 1314 967 1397 katholici,
997 1313 1102 1379 eciam
1127 1313 1308 1395 decretiste,

144 1386 182 1429 ¹¹¹
196 1384 270 1429 “’“0’
320 1420 500 1485 didicerunt
541 1419 587 1483 sic
628 1418 803 1483 describere
845 1416 1020 1485 terminum
1067 1416 1306 1503 supradictum:

319 1522 658 1589 Transsubstanciacio
685 1538 733 1589 ert
754 1524 905 1589 transitus
932 1522 1029 1589 unius
1051 1520 1234 1589 substantie
1255 1540 1306 1587 se·
1320 1546 1354 1583 ro

319 1629 462 1693 cundum
488 1648 524 1693 ee
549 1641 652 1693 totam
676 1627 710 1691 in
735 1627 831 1693 aliam
858 1641 928 1693 tota
947 1625 1175 1713 [accidendum
1196 1626 1307 1691 multi·

319 1732 431 1799 tudine
462 1746 654 1813 remanente,
686 1747 722 1797 ut
754 1751 811 1796 nec
845 1730 976 1797 materia
1006 1750 1066 1797 nec
1092 1730 1200 1797 forma
1228 1730 1307 1796 rub·

320 1836 479 1902 stancialis
497 1854 561 1922 que
584 1836 713 1901 iuerunt
735 1836 766 1899 in
790 1856 871 1919 pane
894 1850 925 1901 et
943 1834 1021 1901 tino
1042 1848 1210 1901 remanent
1231 1848 1309 1919 post

320 1940 607 2020 consecracionem,
638 1941 694 2003 red
719 1940 826 2003 omnis
848 1938 1032 2005 substancia
1059 1938 1234 2005 materialia
1255 1938 1308 2003 vel

320 2044 463 2109 formalis
484 2064 549 2129 que
570 2042 631 2109 tuit
651 2044 685 2107 in
708 2044 752 2107 eis
775 2045 1001 2128 corrumpitur,
1029 2056 1062 2107 et
1082 2042 1227 2109 succedit
1247 2062 1307 2129 per
1320 2051 1352 2105 ιε

319 2148 562 2215 convertionem
581 2148 641 2213 sub
660 2147 780 2212 eisdem
799 2148 1016 2213 accidentibus
1036 2168 1155 2232 corpus
1174 2146 1306 2229 Christi,

320 2268 352 2319 et
378 2254 423 2319 sic
451 2272 517 2317 non
544 2266 592 2317 eet
618 2251 751 2317 alicuius
774 2252 956 2317 substantie
981 2251 1205 2333 annichilacio,
1232 2265 1307 2316 tum

319 2356 396 2443 qnia
411 2356 577 2421 conversio
591 2356 694 2421 tocius
712 2356 893 2421 substantie
908 2356 941 2419 in
956 2356 1084 2439 melius,
1106 2369 1179 2421 tum
1200 2353 1305 2421 eciam

319 2462 395 2547 quia
426 2460 605 2525 accidentia
636 2474 800 2525 remanent
829 2480 893 2545 que
923 2459 1013 2544 prius
1039 2473 1130 2525 mant
1155 2460 1190 2523 in
1220 2480 1305 2545 pane

320 2566 447 2646 ettino,
462 2564 537 2650 quia
552 2563 629 2649 ipsis
639 2565 874 2629 remanentibus
883 2565 1139 2629 committeretur
1147 2562 1305 2650 ydolatria
1316 2592 1351 2629 ro

318 2671 484 2735 adorando
510 2689 627 2753 panem
654 2685 686 2733 et
708 2669 821 2733 vinum
844 2682 880 2733 ut
902 2689 1020 2753 corpur
1043 2668 1247 2733 dominicum
1273 2682 1305 2732 et

318 2776 363 2838 sic
388 2776 503 2839 Deum.

361 2879 423 2943 Hic
454 2879 579 2943 videtur
609 2878 704 2941 michi
738 2878 826 2961 quod
862 2876 993 2941 ecclesia
1026 2876 1190 2959 primitiva
1223 2875 1305 2939 illud

318 3004 385 3049 non
409 2983 528 3066 posuit,
551 2983 606 3045 sed
628 2983 758 3046 ecclesia
774 2981 910 3061 novella,
933 2995 969 3044 ut
985 2980 1117 3065 quidam
1134 2978 1304 3044 infideliter

318 3103 350 3153 et
378 3086 615 3151 infundabiliter
646 3086 864 3170 sompniantes
899 3085 1100 3168 baptizarunt
1127 3084 1303 3149 terminum
1315 3098 1347 3151 25

318 3208 350 3257 et
377 3191 586 3255 fantasiarunt
613 3192 712 3255 multa
740 3190 816 3253 false
844 3191 884 3253 ad
912 3210 996 3253 onus
1018 3190 1160 3255 ecclesie.
1192 3189 1304 3253 Primo

319 3317 395 3380 ergo
421 3297 546 3359 videtur
573 3296 661 3378 quod
688 3315 753 3358 non
782 3293 893 3377 pocius
921 3295 1118 3357 credendum
1145 3308 1191 3358 est
1219 3293 1303 3358 dicte

319 3402 465 3465 decretali
489 3403 537 3463 vel
564 3400 629 3464 suis
652 3400 818 3464 autoribus
841 3419 939 3482 quam
962 3400 1090 3463 decreto
1114 3397 1246 3463 ecclesie
1270 3399 1302 3461 in

320 3527 457 3589 persona
473 3505 653 3589 Beringarii,
677 3504 752 3589 quia
776 3502 934 3589 (utsupra
952 3503 1075 3568 dictum
1097 3501 1159 3590 est)
1183 3503 1216 3566 in
1239 3503 1302 3567 isto

319 3610 598 3694 supereminebant
639 3609 804 3673 sanctitate
850 3623 881 3672 et
922 3609 1058 3673 sciencia
1101 3629 1184 3692 papa
1225 3623 1348 3676 rumbo

319 3717 435 3780 sinodo
467 3718 567 3799 magis
599 3714 748 3793 credibili,
781 3715 836 3798 qui
865 3714 964 3778 locuti
993 3728 1068 3777 sunt
1102 3712 1303 3779 conformius

319 3822 358 3883 ad
397 3821 577 3904 scripturas,
620 3820 660 3882 ad
697 3833 879 3882 sanctorum
917 3820 1088 3883 doctorum
1123 3818 1302 3883 sentencias

319 3940 349 3989 et
378 3925 450 4008 plus
477 3944 618 3988 consone
646 3924 763 3986 racioni
794 3939 824 3988 et
852 3938 956 4007 preter
982 3924 1040 3986 hec
1068 3924 1247 4006 expressius
1271 3937 1303 3986 et

371 4179 387 4212 t.
402 4167 497 4212 ABDE:
515 4167 564 4212 Una
578 4168 660 4219 ratim
677 4167 697 4211 C
710 4178 771 4211 corr.
786 4168 809 4210 in
824 4179 872 4211 uno
886 4179 950 4211 uero.
1023 4178 1043 4210 2.
1058 4166 1114 4210 tlt:
1133 4165 1301 4223 inquitdees13

318 4237 349 4282 C:
369 4237 445 4294 lnquit
458 4238 480 4280 in
497 4250 584 4282 rasura.
658 4250 682 4289 o.
696 4237 727 4280 ll:
747 4242 836 4280 tontum
850 4237 983 4280 trodictam.
1062 4248 1089 4280 tt.
1104 4235 1137 4279 D:
1156 4234 1301 4280 occidentia.

318 4304 348 4351 ¹3.
364 4307 393 4350 B:
408 4312 535 4350 remanent.
589 4306 617 4350 15.
631 4306 684 4350 All:
698 4308 768 4350 corr-1¹.
822 4306 857 4350 26.
873 4306 904 4349 C:
912 4305 1125 4361 sortnsiaveruut:
1138 4305 1162 4349 ib
1181 4305 1214 4349 C:
1220 4305 1301 4362 satra.

317 4374 351 4422 ³3.
365 4376 385 4421 C
398 4377 513 4420 correxit:
527 4376 572 4420 boc
583 4377 720 4432 expressius.
