3046 4920
952 340 966 369 θ

654 458 826 515 sonnurus
841 458 986 513 wrcen
1178 440 1261 533 [car.
1274 458 1317 507 ιν.

328 612 393 679 sint
409 614 507 677 simul
524 614 639 679 ueritas
654 629 687 680 et
704 614 820 701 figura3
841 626 1080 679 sacramentum
1096 614 1182 679 enirn
1199 616 1317 699 lipurat

328 717 493 783 Christum
526 734 559 785 et
592 720 747 785 unionem
775 739 850 785 com
877 721 950 805 ipso
976 732 1076 803 atque
1108 720 1254 799 ecclesia3
1285 738 1318 786 et

327 842 400 888 rere
422 823 498 888 facit
521 839 618 909 atque
640 824 758 909 figurat
780 826 979 909 presenciam
995 822 1115 889 Christi
1137 844 1317 890 sacramen·

138 936 157 980 11
171 936 230 981 ³00⁸
243 942 285 980 na
328 928 426 993 talem
446 930 529 993 ultra
544 928 664 1012 figuras
684 928 771 993 alias.
795 920 891 995 Unde
912 929 996 993 sicut
1011 947 1094 993 vane
1113 929 1316 995 convincitur

140 989 220 1033 follow
234 987 286 1033 ibat

138 1040 288 1140 ¹³„¹¹,⁸,¹,¹,⁸„⁸,‘„¹⁸
327 1032 447 1098 beresis
476 1052 574 1117 super
600 1034 663 1097 boc
689 1032 778 1117 quod
801 1030 953 1097 Christus
980 1046 1029 1097 est
1054 1046 1211 1115 creatura,
1238 1033 1342 1119 qutss

117 1147 216 1192 nemina
230 1146 248 1192 it
261 1126 305 1191 las
327 1138 439 1202 Arrius
471 1138 552 1201 illud
583 1136 675 1219 dixit,
706 1138 753 1202 sic
780 1138 868 1202 nude
894 1150 929 1202 et
948 1138 1047 1203 stulte
1075 1137 1220 1223 arguitur
1244 1160 1316 1203 sen·

122 1198 299 1297 “duffio-⁸*
327 1242 467 1307 tentiam
494 1241 583 1306 illam
615 1262 686 1307 esse
716 1242 890 1308 hereticam
917 1261 982 1329 que
1008 1242 1086 1307 dicit
1112 1243 1315 1309 locucionem

327 1347 424 1411 istam
443 1364 513 1410 esse
535 1345 707 1431 tropicam:
730 1344 807 1411 Hoc
827 1356 877 1413 est
896 1366 1018 1431 corpus
1039 1367 1160 1429 meum,
1178 1363 1210 1413 et
1225 1350 1316 1435 quod

327 1450 380 1515 illa
402 1450 507 1515 bostia
529 1463 578 1516 est
593 1448 696 1534 ligura
715 1471 754 1515 ex
767 1451 832 1517 lroc
846 1452 937 1538 quod
953 1452 1084 1519 heretici
1099 1452 1179 1517 illud
1192 1453 1315 1517 dicunt.

328 1554 375 1620 llli
401 1554 488 1619 enirn
516 1574 583 1619 non
610 1555 783 1622 attendunt
808 1558 1009 1622 admodum
1037 1577 1074 1621 sc
1097 1556 1315 1624 intencionem
1329 1588 1361 1625 to

325 1659 454 1725 dicendi
492 1680 567 1725 cum
606 1660 675 1726 aliis
710 1662 938 1747 superadditis,
975 1663 1032 1725 sed
1068 1662 1109 1727 sd
1146 1662 1315 1728 veritatem

326 1784 425 1851 quarn
456 1764 577 1831 latetur
605 1766 713 1831 omnis
745 1766 905 1833 hereticus
938 1786 1037 1851 quern
1069 1766 1252 1849 diffamant,
1283 1781 1316 1833 et

325 1884 435 1936 tamen
464 1870 566 1936 scitur
596 1872 686 1956 quod
716 1872 749 1937 in
781 1870 927 1937 moribus
964 1886 1012 1935 est
1049 1872 1169 1936 modus
1208 1872 1314 1958 op'eris

325 1976 467 2041 maxime
487 1975 714 2040 attendendus.

107 2105 245 2155 nuenton:
259 2104 312 2151 rna
369 2080 433 2147 Sed
464 2079 564 2145 tercio
595 2080 735 2145 obicitur
765 2098 822 2165 per
849 2081 912 2145 hoc
938 2080 1027 2166 quod
1056 2080 1177 2145 nedum
1204 2080 1314 2167 laycus
1327 2094 1358 2150 ι5

107 2158 311 2269 ἶῗὲἷῖῗῑιῖιιῗῖξὲἰιῗῖ
326 2164 435 2270 potest
455 2184 625 2266 conficere,
648 2186 705 2249 sed
727 2198 967 2251 sacramentum
989 2199 1099 2269 posset
1113 2184 1229 2250 confici
1245 2187 1314 2250 sola

141 2270 274 2360 ’.ῗὲἱῖῗῖἒὲ
326 2304 448 2373 mente,
471 2291 521 2353 vel
544 2310 610 2354 non
634 2304 682 2354 est
698 2289 863 2355 confectio
886 2303 918 2354 et
941 2310 999 2375 per
1013 2308 1216 2374 consequens
1231 2308 1315 2375 eque

142 2367 276 2425 ⁶²⁸¹‘⁰’'“¹'
326 2395 359 2459 in
376 2392 537 2459 fermento
552 2408 590 2459 ut
609 2394 734 2477 azimis,
757 2407 791 2460 et
810 2394 857 2460 sic
879 2413 962 2478 eque
984 2396 1017 2460 in
1039 2394 1110 2459 aliis
1133 2394 1313 2479 liquoribus

326 2514 362 2564 ut
389 2500 421 2565 in
448 2500 543 2582 vin03
575 2520 688 2587 ymmo
720 2518 793 2563 curn
821 2519 920 2564 omne
946 2500 1061 2564 vinum
1088 2514 1237 2565 nostrum
1270 2500 1313 2564 sit

325 2605 468 2670 mixtum
498 2625 595 2689 aqua,
628 2626 693 2670 non
726 2605 874 2689 oportuit
904 2605 1073 2669 inmiscere
1105 2625 1223 2690 aquam
1255 2607 1358 2671 sedeo

325 2711 420 2775 simul
437 2712 623 2775 benedicere
638 2730 757 2796 aquam
776 2724 809 2775 et
826 2712 948 2776 vinum.
972 2712 1015 2775 Et
1029 2711 1157 2775 videtur
1177 2712 1311 2775 ulterius

324 2818 413 2901 quod
436 2836 555 2900 corpus
579 2816 699 2881 Christi
724 2830 875 2880 movetur
897 2817 939 2879 de
960 2817 1030 2880 celo
1053 2818 1094 2879 ad
1118 2818 1189 2880 loca
1212 2817 1310 2881 volita

324 2924 504 2987 secundum
533 2924 704 2986 arbitrium
727 2921 911 2986 sacerdotis.
946 2922 1117 3000 Quantum
1145 2923 1185 2986 ad
1214 2923 1310 3003 istud,

323 3043 412 3113 patet
439 3029 528 3112 quod
554 3029 643 3092 aliud
672 3042 719 3092 est
746 3048 879 3112 querere
902 3028 943 3092 de
971 3048 1065 3112 posse
1088 3028 1177 3111 quod
1201 3049 1234 3092 se
1257 3049 1311 3091 ex·

325 3135 429 3199 tendit
459 3136 500 3198 ad
533 3135 717 3219 potenciam
752 3134 811 3197 Dei
849 3135 1029 3198 absolutam
1070 3147 1102 3197 et
1139 3135 1224 3197 aliud
1263 3149 1311 3198 est
1323 3143 1355 3196 25

324 3240 500 3304 secundum
532 3240 757 3304 testimonium
790 3239 946 3322 scripture
978 3257 1111 3323 querere
1140 3240 1179 3301 de
1206 3241 1310 3303 licere.

324 3347 439 3409 Nullus
455 3343 617 3430 (inquam)
641 3344 742 3408 fidelis
765 3345 893 3408 dubitat
914 3344 992 3427 quin
1010 3344 1094 3407 Deus
1111 3358 1220 3427 posset
1235 3345 1310 3407 dare

323 3451 416 3536 layco
439 3451 625 3534 potenciam
649 3449 849 3529 conficiendi,
873 3449 957 3512 sicut
980 3450 1089 3534 laycus
1113 3470 1186 3512 curn
1211 3449 1311 3533 possit

324 3575 392 3619 esso
407 3557 556 3618 sacerdos
572 3551 623 3641 (ut
639 3554 750 3618 dicunt
765 3551 864 3639 loyci)
880 3554 981 3637 possit
1001 3552 1166 3618 conficere.
1190 3555 1310 3617 Ymmo

324 3661 451 3723 videtur
481 3658 570 3723 iuxta
603 3659 823 3723 testimonium
847 3657 1033 3742 Augustini,
1057 3658 1250 3723 Crisostomi
1279 3668 1356 3722 etto

324 3765 460 3828 aliorum
485 3779 671 3828 sanctorum
693 3765 782 3848 quod
805 3764 912 3827 omnis
935 3765 1171 3847 predestinatus
1203 3767 1311 3849 laycus

324 3886 372 3934 est
386 3871 544 3954 sacerdos,
562 3884 593 3933 et
609 3869 712 3933 multo
727 3869 830 3952 magis
845 3869 984 3933 devotus
999 3870 1110 3954 laycus
1126 3869 1309 3946 conficiens,

375 4094 398 4139 6.
417 4092 469 4138 Cli:
488 4092 549 4136 dixit
561 4093 635 4144 iliad·
652 4092 684 4137 ib.
704 4091 734 4136 tt:
752 4092 819 4136 neat.
898 4091 921 4138 8.
940 4090 972 4137 C:
991 4097 1015 4137 el
1032 4092 1055 4137 in
1075 4103 1149 4146 marg.
1168 4093 1213 4137 alia
1231 4105 1311 4137 mann.

324 4162 354 4209 13.
369 4163 403 4208 l):
417 4163 562 4217 intellipitur.
621 4162 653 4206 td.
668 4161 720 4207 DE:
731 4167 814 4218 posset
826 4159 912 4217 cornici
914 4177 924 4215 ,·
938 4162 969 4206 ib.
981 4160 1012 4207 C:
1023 4167 1115 4219 potem
1128 4163 1159 4207 ib.
1174 4162 1208 4207 D:
1219 4160 1311 4219 perfici.

325 4236 355 4279 18.
370 4234 402 4278 E:
420 4239 443 4278 et
456 4234 546 4291 opimis.
604 4245 640 4286 ²4·
655 4231 687 4276 25.
702 4231 798 4277 ABCD:
817 4232 881 4289 qnod
893 4236 929 4276 est
941 4232 1045 4276 ostendit
1056 4246 1088 4276 sc.
1148 4234 1180 4277 25.
1195 4233 1227 4276 D:
1245 4234 1313 4277 aliud

322 4304 393 4362 qnod.

378 4416 419 4468 31.
439 4412 480 4464 Cf.
493 4411 600 4480 Wyclif,
620 4413 659 4463 Do
677 4411 804 4475 Ecclesia,
824 4427 884 4479 pag.
902 4413 963 4478 457.
