3046 4920
205 426 274 473 cur.
289 414 342 504 vt]
553 430 599 482 DE
619 428 866 481 fiucnnntsntn.

203 610 290 672 aqua
302 591 372 653 ruit
385 609 539 673 coquere,
551 587 585 650 id
595 597 656 662 est,
665 587 921 671 dispensacionis
936 589 1005 650 eins
1023 589 1201 650 misterium

199 714 264 775 per
286 694 484 758 dissolutam
514 692 582 754 rtdt
610 693 782 755 scienciam
804 704 990 776 penetrare.
1026 691 1090 768 Qui
1121 711 1201 775 ergo

197 797 369 878 paschatis
395 796 517 879 gaudii
544 797 816 879 soitempnitatem
845 797 1009 860 celebrare
1037 795 1200 859 desiderat

200 920 326 983 agnum
355 918 416 962 trec
443 920 531 982 aqua
563 912 683 986 coquat
717 921 776 965 nec
806 902 943 964 crudum
974 900 1131 978 comedat,
1165 911 1200 962 ut

175 1011 305 1086 ineque
314 1024 380 1086 per
397 1004 579 1069 humanam
596 1007 795 1090 sapienciam
807 1006 1065 1090 profunditatem
1090 1008 1199 1068 incar·

199 1109 345 1172 nacionis
371 1109 462 1174 iilius
480 1122 664 1194 penetrare
686 1121 818 1194 appetat
841 1130 942 1194 neque
964 1112 996 1173 in
1020 1130 1093 1173 eum
1117 1121 1197 1173 tam·

197 1232 295 1294 quam
312 1214 345 1274 in
359 1214 522 1278 hominem
531 1236 657 1298 purum
671 1214 796 1287 credat,
807 1215 864 1277 sed
880 1234 974 1278 assas
989 1217 1064 1296 igne
1079 1234 1197 1279 carnes

196 1317 353 1396 comedat,
394 1329 430 1381 ut
466 1319 654 1401 dispensari
684 1320 792 1382 onmia
818 1338 882 1402 per
914 1319 1025 1382 Sancti
1055 1318 1196 1401 Spiritus

192 1423 371 1502 potenciam
406 1423 498 1486 sciat.
537 1423 588 1485 De
618 1441 684 1505 quo
715 1421 823 1484 adhuc
854 1433 941 1485 recte
970 1422 1197 1507 subiungitur:

156 1526 308 1608 soCaput
333 1546 408 1589 cum
427 1527 570 1610 pedibus
598 1538 628 1590 et
655 1527 816 1590 intestinis
839 1527 1003 1607 vorabitis,
1031 1529 1107 1611 quia
1130 1528 1193 1591 Re·

196 1630 344 1712 demptor
367 1642 479 1695 noster
506 1643 555 1695 est
582 1632 683 1714 alpha
714 1643 745 1695 et
771 1651 801 1706 o,
833 1633 923 1695 Deus
950 1631 1094 1695 uidelicet
1119 1644 1193 1696 ante

194 1736 307 1797 secuta
344 1746 375 1798 et
411 1738 507 1798 honio
542 1737 575 1798 in
596 1737 673 1820 fine
704 1738 902 1801 secutorum.
940 1737 982 1799 Et
1014 1738 1096 1799 sicut
1126 1740 1191 1800 iam

189 1839 408 1920 prediximus,
421 1840 570 1923 fratres,
595 1840 699 1904 Paulo
722 1851 893 1904 attestante
915 1841 1090 1904 didicimus
1105 1842 1192 1924 quod

193 1955 292 2024 caput
313 1943 433 2008 Christi
450 1945 562 2022 Deus,·
584 1955 685 2028 caput
707 1965 789 2029 ergo
810 1947 887 2030 aqui
909 1965 1027 2009 rorare
1048 1957 1096 2010 est
1111 1946 1190 2010 diri·

153 2058 180 2110 ι5
193 2049 304 2111 nitatis
327 2049 417 2113 illius
430 2049 536 2134 fidem
554 2050 738 2134 percipere,
755 2050 858 2133 pedes
878 2070 955 2113 rero
977 2055 1058 2135 agni
1073 2071 1191 2115 rorare

191 2162 235 2214 est
258 2154 395 2237 vestigia
425 2155 641 2218 humanitatis
674 2156 766 2219 iilius
797 2155 940 2217 amando
972 2166 1003 2218 et
1034 2155 1189 2218 imitando

186 2258 393 2338 perquirere.
430 2259 521 2334 Quid
547 2279 625 2322 rero
653 2270 732 2323 sunt
760 2260 911 2322 intestina
936 2261 998 2322 nisi
1019 2261 1186 2323 verborum

190 2362 279 2424 illius
303 2363 431 2426 occulta
448 2375 478 2426 et
495 2365 619 2427 mistica
636 2365 819 2427 mandata?
845 2365 915 2440 Que
931 2374 1007 2427 tunc
1022 2384 1187 2442 voramus,

189 2486 262 2527 cum
289 2467 387 2530 rerba
412 2470 475 2532 rite
497 2488 571 2530 cum
598 2469 751 2531 auiditate
772 2470 940 2533 sternimus.
973 2470 1012 2531 In
1039 2489 1103 2551 quo
1130 2471 1184 2534 de·

147 2574 373 2634 zovoracionis
406 2575 503 2636 uerbo
536 2573 615 2657 quid
648 2574 742 2636 aliud
772 2594 870 2658 quam
903 2575 1043 2658 pigricie
1075 2587 1184 2639 nostre

187 2688 300 2760 torpor
321 2677 602 2759 deprehenditur?
629 2678 695 2755 Qui
716 2680 786 2742 eius
809 2680 907 2742 uerba
923 2691 1019 2761 atque
1036 2681 1183 2744 misteria

182 2801 246 2862 per
278 2783 492 2863 nosmetipsos
525 2803 589 2845 non
629 2785 824 2866 requirimus
855 2794 886 2846 et
922 2783 1005 2846 dicta
1038 2784 1078 2847 ab
1110 2785 1184 2850 aliis

184 2886 338 2948 audimus
376 2888 478 2949 inniti.
527 2888 600 2950 Non
640 2889 818 2951 remanebit
854 2908 896 2951 es·
932 2908 969 2951 eo
1005 2890 1181 2973 quidquam

186 3011 286 3074 nsque
302 3013 410 3068 nrane,
427 2994 506 3074 quia
530 2996 602 3056 eius
625 2993 709 3056 dicta
727 3014 848 3076 magna
871 3004 948 3055 sunt
967 2994 1182 3058 sollicitudine

141 3096 401 3175 aidiscucienda,
424 3108 585 3180 quatenus
603 3101 704 3181 prius
727 3119 824 3182 quam
842 3098 909 3161 dies
926 3101 1181 3165 resurreccionis

183 3213 345 3283 appareat
366 3204 398 3263 in
422 3205 482 3264 hac
504 3204 670 3285 presentis
694 3206 756 3266 vite
780 3216 871 3266 nocte
893 3206 1001 3267 onrrtia
1025 3205 1178 3268 mandata

182 3309 251 3368 eins
274 3307 485 3391 intelligendo
509 3319 539 3370 et
568 3307 734 3389 operando
757 3320 979 3390 penetrentur.
1015 3310 1077 3373 Sed
1102 3313 1177 3393 quia

181 3413 274 3474 ratde
296 3411 431 3495 difficile
464 3423 520 3486 est,
556 3424 591 3475 ut
621 3433 716 3475 omrre
738 3432 870 3475 sacrum
895 3416 1054 3497 eloquium
1074 3418 1179 3498 possit

233 3647 249 3679 ι.
261 3635 336 3680 ABC:
351 3636 377 3679 id
385 3642 420 3680 est
430 3636 503 3679 deest.
559 3649 579 3680 a.
591 3636 622 3681 C:
636 3638 798 3694 sapienciam·
811 3639 911 3682 correxit
922 3639 944 3682 in
957 3651 1030 3694 marg.
1040 3640 1084 3683 atie
1096 3653 1174 3685 mann.

180 3718 200 3760 7.
216 3708 250 3749 A:
265 3718 334 3748 assas
348 3711 454 3757 tantum,·
474 3706 503 3749 B:
518 3719 588 3749 assas
601 3713 687 3750 tamen.
743 3709 764 3751 8.
780 3708 870 3752 (lodda
889 3709 1027 3763 dispensare
1051 3709 1174 3755 Correxie

180 3783 240 3818 textu
253 3777 277 3819 S.
290 3774 407 3829 Gregorii.
451 3788 481 3818 10.
494 3776 526 3819 E:
538 3776 568 3819 Et
578 3783 663 3832 caput,·
677 3778 707 3821 ib.
720 3777 750 3821 E:
761 3783 831 3833 atque
840 3779 971 3823 intestinis:
984 3779 1014 3821 ib.
1026 3778 1056 3821 E:
1071 3782 1173 3825 vorabis.

180 3858 208 3888 ια.
220 3845 308 3890 cota:
324 3851 347 3889 et
362 3847 441 3889 before
455 3849 516 3889 sicut
527 3848 599 3889 deest.
616 3847 715 3890 Addidi.
759 3847 786 3891 13.
799 3847 893 3892 ABCE:
908 3849 971 3903 quio.
1014 3860 1045 3899 ts.
1058 3849 1089 3892 C:
1104 3857 1174 3906 caput

178 3917 200 3958 in
217 3928 291 3969 marg.
306 3917 350 3958 elia
367 3929 451 3967 manu;
467 3917 498 3960 ib.
512 3917 541 3959 B:
557 3923 630 3972 caput
644 3930 715 3967 s·crn,·
728 3918 759 3960 C:
776 3930 830 3961 uero
845 3919 868 3961 in
883 3926 952 3961 testu.
968 3918 1035 3962 Corr.
1051 3932 1115 3974 supr.
1132 3920 1171 3964 nn.

178 3998 210 4038 14,
226 3985 253 4029 15.
270 3986 302 4028 tt:
322 3986 455 4029 diuinitatis
469 3988 542 4029 deest.
626 3987 658 4031 ni.
674 3987 769 4030 nnttss:
790 3989 853 4030 itlius
867 3987 944 4036 deest:
966 3989 985 4031 C
1000 3988 1022 4031 in
1039 4000 1112 4044 marg.
1127 3990 1171 4033 alia

177 4068 255 4098 mutan.
307 4055 813 4111 19.AitC:ritedeest;ib.1):eumamus.
864 4056 1078 4112 nunnunquam
1093 4070 1170 4102 exeo.

176 4126 210 4168 26.
227 4124 258 4169 C:
277 4127 327 4168 cr'us
340 4131 474 4181 appareat,-
493 4127 523 4168 ib.
540 4126 615 4170 ABE:
635 4127 681 4170 m'te
695 4129 823 4170 vocacione
837 4128 981 4177 communia;
1000 4127 1018 4170 C
1032 4128 1131 4172 correxit
1147 4129 1169 4171 in

176 4207 263 4250 marg:
278 4196 357 4238 omnia
372 4201 454 4245 ηοαε,Ι
471 4196 504 4240 D:
519 4196 648 4240 vocacione
661 4197 747 4239 omnia.
801 4208 834 4250 ²7·
851 4197 881 4239 tt:
897 4197 966 4241 itlius.
1020 4196 1055 4239 28.
1071 4196 1166 4241 ABCE:

171 4271 257 4319 portet.

231 4389 268 4423 ιο.
288 4375 372 4423 Exod.
392 4375 445 4433 ΧΗ,
465 4389 490 4441 9.
565 4376 606 4426 23.
627 4375 661 4423 ib.
680 4391 718 4424 ιο.
