3046 4920
171 466 241 514 car.
257 454 312 545 va]
515 477 561 527 na
580 474 824 528 aucnantsrra

173 632 318 695 verancie
330 634 369 695 ad
388 633 513 695 malum
528 629 766 713 ingratitudinis
783 629 971 712 fugiendum
988 643 1019 692 et
1036 631 1160 691 bonum

171 735 298 800 virtutis
322 735 459 800 finaliter
481 737 759 819 amplectendum3
789 749 821 797 et
850 735 980 818 indigna
1014 733 1163 817 accepcio

172 839 246 904 lacit
269 842 405 905 omnino
428 841 632 924 oppositum.

216 947 352 1010 Videtur
386 962 496 1010 autem
529 946 618 1031 quod
655 960 861 1030 pregravatus
898 945 997 1008 eciam
1032 944 1164 1009 mortali
1186 954 1207 999 11
1221 954 1319 1016 mule
1333 953 1372 998 rae

1205 1018 1317 1051 occasion
1333 1005 1362 1050 oi

147 1059 279 1136 5potest
302 1051 334 1115 in
357 1071 432 1115 casu
456 1052 566 1115 dolere
589 1052 629 1114 de
652 1051 787 1115 crimine
807 1065 848 1133 et,
871 1051 1036 1114 assistente
1053 1058 1385 1156 ⁸⁸n⁶t⁰⁶⁰322>41¹ff⁸g⁸²⁰

171 1177 207 1219 ac
240 1158 359 1220 devoto
387 1156 559 1239 proposito
594 1154 728 1220 faciendi
760 1156 793 1218 in
826 1157 1016 1220 memoriam
1047 1153 1165 1219 Christi
1181 1163 1268 1260 {insiti
1280 1163 1384 1258 ¹¹¹¹,1325

171 1261 253 1325 hanc
275 1260 493 1324 celebritatem
516 1263 717 1342 sacramenti,
742 1275 777 1324 ut
797 1263 923 1325 animus
939 1259 1095 1324 contritus
1112 1260 1165 1322 de·
1229 1269 1253 1313 rn
1268 1227 1336 1312 impis·

171 1366 281 1429 vocius
305 1380 336 1429 et
359 1365 516 1428 attencius
540 1367 657 1430 serviat
674 1366 743 1431 Deo
766 1387 836 1430 suo.
861 1367 970 1430 Potest
995 1365 1082 1429 enim
1103 1364 1166 1429 hoc

173 1483 411 1534 sacramentum
421 1469 664 1536 occasionaliter
675 1471 779 1536 delere
794 1470 988 1535 tamveniale
998 1483 1166 1554 peccatum

133 1594 272 1659 mquam
296 1576 430 1638 mortale
464 1590 496 1639 et
523 1577 568 1639 sic
592 1596 691 1660 penas
714 1577 826 1641 tollere
850 1597 885 1640 ac
907 1577 1029 1658 gracias
1053 1589 1084 1638 et
1104 1575 1166 1638 vir·

173 1692 255 1742 tutes
285 1680 446 1758 inducere,
479 1701 545 1745 non
572 1683 661 1765 quod
690 1682 798 1765 ipsum
826 1682 939 1745 habeat
965 1680 1106 1766 graciam
1133 1679 1166 1742 in

171 1805 204 1847 se
236 1784 413 1848 formaliter
439 1787 490 1848 vel
518 1785 729 1851 ellicienciam
762 1785 965 1850 intrinsecam
995 1787 1161 1866 virtutum,

171 1889 227 1951 sed
260 1904 307 1951 est
339 1890 466 1954 occasio
499 1905 531 1954 et
557 1890 722 1956 obiectum
750 1891 856 1955 anime
883 1904 919 1955 ut
946 1890 1158 1954 memorando

170 2010 259 2078 gesta
273 1993 394 2059 Christi
410 2016 468 2078 per
483 1996 552 2058 eius
568 1995 783 2060 elricaciorem
800 1995 1002 2060 influentiam
1019 1994 1162 2080 acquirat

132 2098 335 2182 r5copiosius
358 2113 447 2163 actus
471 2115 503 2164 et
526 2100 654 2165 habitus
669 2100 829 2184 virtuales,
854 2101 898 2165 sic
921 2102 1009 2186 quod
1032 2114 1161 2184 oportet

171 2205 260 2287 quod
288 2205 396 2267 omnis
421 2207 522 2268 virtus
547 2207 644 2270 huius
668 2207 858 2271 sacramenti
882 2207 988 2290 primo
1012 2206 1164 2291 procedat

171 2330 189 2372 a
203 2310 282 2394 Deo,
299 2312 443 2373 secundo
454 2311 494 2373 ab
513 2311 648 2374 homine
664 2325 696 2374 et
710 2311 808 2375 tercio
824 2312 992 2375 occasione
1008 2309 1166 2374 obiectiva

172 2434 190 2476 a
213 2430 426 2498 sacramento,
451 2416 535 2479 sicut
558 2415 676 2480 sanitas
700 2417 875 2500 corporalis
891 2415 925 2479 fit
941 2417 1046 2501 primo
1062 2437 1080 2477 a
1097 2415 1166 2477 Deo

173 2521 389 2583 communiter
407 2520 572 2607 influente,
597 2523 738 2585 secundo
751 2543 769 2585 a
781 2522 895 2585 virtute
912 2522 1042 2605 regitiva
1059 2520 1164 2584 anime

131 2648 163 2683 20
173 2638 204 2688 et
226 2627 325 2688 tercio
349 2626 506 2690 obiective
529 2642 561 2690 et
576 2628 824 2711 quodammodo
847 2626 985 2690 effective
1008 2649 1027 2690 a
1050 2647 1166 2709 corpo·

174 2730 228 2792 rali
251 2731 480 2795 medicamine:
509 2731 553 2795 sic
582 2748 630 2796 est
654 2734 897 2816 quodammodo
921 2732 952 2795 in
976 2731 1166 2795 sacramenti

174 2836 391 2919 suscepcionc.
404 2839 487 2899 Nam
498 2837 580 2900 sicut
592 2858 658 2900 non
668 2839 801 2921 prodest
812 2837 987 2920 corporalis
998 2835 1166 2917 medicina,

173 2940 199 3002 si
223 2942 269 3003 vis
293 2943 399 3005 anime
424 2943 566 3006 sanativa
596 2942 740 3025 deluerit,
773 2942 817 3006 sic
847 2958 893 3006 est
915 2945 954 3006 de
977 2941 1165 3005 sacramenti

173 3048 391 3129 suscepcione.
415 3049 512 3112 Unde
537 3051 621 3111 sicut
644 3048 801 3112 medicina
825 3068 891 3111 non
908 3050 1038 3131 prodest
1054 3046 1166 3130 lapidi,

131 3151 299 3214 astumido
324 3153 424 3215 fluxui
451 3155 501 3216 vel
524 3156 672 3216 membro
695 3153 781 3216 sicco
810 3153 842 3215 in
866 3154 971 3216 calore
994 3168 1026 3215 et
1049 3153 1167 3216 virtute

173 3257 377 3319 assimilativa
411 3258 615 3339 claudicanti,
647 3260 692 3321 sic
725 3259 757 3320 in
791 3273 880 3342 parte
912 3257 1166 3342 ymaginandum

173 3375 221 3423 est
237 3363 275 3423 de
292 3363 450 3425 medicina
467 3364 687 3426 sacramentali
704 3365 812 3448 quoad
829 3362 989 3426 infidelem
1010 3379 1047 3427 ut
1069 3362 1166 3446 lapis;

174 3468 281 3548 quoad
308 3467 465 3530 lubricum
491 3484 523 3532 et
545 3472 723 3553 superbum
748 3483 784 3531 ut
807 3489 923 3553 corpus
949 3469 1164 3552 plectoratum

174 3585 205 3633 et
232 3573 405 3655 repletum;
433 3590 464 3638 et
489 3577 598 3658 quoad
628 3575 826 3638 mundialem
855 3574 989 3637 avaricia
1011 3574 1044 3638 in
1068 3575 1166 3637 devo·
1212 3550 1246 3565 ‘-

131 3676 266 3739 3ocione
299 3681 451 3742 siccatum
491 3696 522 3743 et
559 3683 662 3745 calore
701 3680 782 3764 ignis
819 3680 941 3744 celestis
973 3701 1030 3764 per
1066 3679 1166 3764 frigus

174 3797 374 3847 terrenorum
400 3786 597 3849 mortificans
622 3788 824 3850 destitutum.

219 3891 259 3951 Et
282 3891 405 3953 utinam
441 3893 535 3955 nimis
571 3893 647 3955 false
681 3895 820 3955 colentes
848 3893 909 3954 hoc
932 3907 1165 3953 sacramentum
1246 3906 1316 3963 Sign-

1175 3959 1354 4015 worshippers:

176 4010 210 4057 ut
229 3997 369 4079 signum,
396 3999 545 4080 reliquias
562 4014 749 4061 sanctorum
769 4013 799 4060 et
817 3996 1091 4080 peregrinaciones
1107 4016 1165 4079 pro
1185 4014 1370 4108 llllssl‘gnff

1200 4118 1360 4174 pilgrimagcs.

226 4248 246 4290 7,
267 4235 288 4279 8.
311 4236 342 4279 ll:
366 4244 388 4280 er
408 4238 525 4281 devocius.
610 4251 641 4282 ro.
664 4237 737 4283 ABC:
757 4251 837 4293 penes.
919 4249 947 4280 ra.
971 4237 1003 4280 ll:
1025 4236 1167 4293 efficaciam.

174 4316 207 4347 aa.
223 4305 254 4348 u:
267 4307 380 4361 prodere.
429 4306 462 4350 23.
479 4306 554 4351 nne:
569 4309 746 4352 sacramentali.
795 4308 828 4352 25.
844 4308 873 4351 u:
888 4308 977 4351 tumido
992 4307 1069 4357 deest:
1085 4309 1168 4351 lacuna

173 4373 196 4417 in
217 4375 269 4420 cod.
350 4379 385 4420 26.
406 4377 436 4420 B:
458 4379 624 4428 clauda'canda',·
646 4380 676 4422 ib.
697 4377 729 4422 C:
749 4379 774 4421 t'a
794 4383 866 4434 parte
886 4379 910 4422 in
931 4390 1004 4433 marg.
1024 4378 1069 4421 alia
1089 4391 1168 4422 manu.

174 4456 209 4500 29.
225 4445 313 4489 Codd.:
334 4449 471 4491 avaritiam.

1013 4527 1063 4572 12*
