3046 4920
211 438 282 486 car.
297 424 338 514 tt]
581 445 627 496 na
647 444 891 496 aucasntsrn.

213 601 331 680 cantis;
355 603 509 665 debemus
534 601 620 663 enim
637 601 726 684 loqui
752 603 858 684 palam
882 601 1004 683 populo
1028 602 1203 662 sentencias

211 705 368 790 scripture
402 707 594 768 necessarias
629 707 668 766 ad
696 707 842 769 salutem.
876 708 940 768 Nee
968 703 1084 767 sullicit
1116 707 1203 787 quod

211 830 274 872 nos
295 810 474 874 habeamus
499 829 631 871 sensum
656 810 861 884 katholicum,
886 810 960 893 quia
977 809 1020 871 sic
1037 829 1203 891 possemus

210 916 370 978 seminare
398 929 608 998 quotcunque
637 915 760 979 hereses
787 916 988 979 adversando
1016 914 1074 978 toti
1108 914 1203 996 scrip·

182 1024 292 1098 5ture‚
324 1022 402 1081 dum
437 1034 544 1081 tamen
577 1021 732 1083 debemus
766 1020 822 1082 niti
855 1019 974 1102 apciori
1007 1019 1107 1081 modo
1135 1037 1202 1101 quo

209 1121 388 1187 sufficimus
411 1122 596 1206 imprimere
621 1125 651 1186 in
677 1125 837 1188 auditorio
866 1123 1038 1186 katholicas
1062 1138 1092 1187 et
1115 1121 1202 1184 edili-

211 1227 345 1291 catotias
377 1229 536 1308 veritates,
570 1230 644 1314 quia
679 1229 768 1292 aliter
800 1250 864 1291 non
897 1248 1008 1290 sumus
1041 1227 1201 1290 adiutores

209 1332 267 1395 Dei
291 1333 346 1396 sed
363 1334 504 1418 dyaboli,
529 1349 677 1398 nostrum
702 1334 859 1396 honorem
882 1334 931 1394 vel
953 1333 1091 1395 seculare
1112 1353 1200 1394 com-

209 1439 348 1501 modum
371 1438 548 1517 proditorie
573 1452 791 1521 procurantes.

163 1565 198 1599 ¹0
253 1543 393 1609 Ulterius
418 1546 512 1606 credo
529 1545 618 1627 quod
637 1556 771 1626 utraque
787 1541 917 1605 ecclesia
933 1557 1076 1625 tempore
1092 1542 1198 1604 Berin-
1215 1555 1340 1613 espectet,-
1355 1558 1411 1600 wira

206 1647 285 1729 garli
310 1661 342 1711 et
357 1662 503 1730 tempore
528 1649 731 1711 novellorum
754 1650 923 1710 doctorum
948 1646 1007 1710 fuit
1029 1647 1198 1726 katholico,
1227 1609 1401 1704 “lllllbll

206 1772 284 1816 cum
306 1752 540 1837 equivocorum
565 1753 597 1814 in
621 1751 780 1833 terminis;
804 1773 861 1815 nec
885 1753 979 1814 credo
1000 1753 1088 1835 quod
1112 1753 1200 1814 scola

205 1857 261 1919 illa
297 1857 337 1919 de
376 1857 557 1920 Eukaristia
597 1872 721 1921 tantum
761 1857 917 1919 intricavit
960 1856 1124 1919 ecclesiam
1164 1870 1199 1918 ut

206 1963 376 2041 moderna;
402 1962 463 2025 hoc
488 1977 596 2024 tamen
621 1962 746 2024 videtur
769 1962 903 2024 omnino
920 1961 1006 2045 quod
1030 1980 1199 2023 careamus

162 2067 392 2130 r5denotando
408 2067 588 2149 quamlibet
604 2080 728 2149 partem
749 2066 933 2129 sacramenti
954 2065 1109 2128 sensibilis
1131 2085 1198 2126 esse

206 2192 323 2256 corpus
344 2169 463 2235 Christi
487 2172 535 2234 vel
560 2171 762 2253 sanguinem,
787 2170 862 2254 quia
885 2171 997 2254 vulgus
1021 2185 1051 2232 et
1072 2169 1197 2234 litterati

204 2276 262 2339 viri
297 2290 372 2341 sunt
400 2276 493 2360 proni
522 2277 562 2339 ad
592 2275 835 2359 intelligendum
866 2295 979 2358 panem
1014 2290 1087 2358 post
1120 2295 1196 2336 con-

204 2381 419 2445 secracionem
437 2402 505 2445 esse
515 2381 697 2465 ydemptice
710 2401 824 2464 corpus
839 2379 966 2459 Christi,
983 2380 1055 2442 ideo
1066 2393 1198 2462 propter

203 2487 387 2550 sensibilem
420 2486 535 2550 erroris
569 2487 813 2569 percepcionem
841 2500 904 2547 tam
935 2485 966 2546 in
991 2486 1074 2547 clero
1099 2505 1197 2567 quam

158 2616 194 2652 20
204 2592 237 2655 in
252 2593 344 2676 layco
360 2592 478 2654 debent
488 2590 630 2654 delectus
648 2591 760 2672 corrigi
778 2592 809 2652 in
831 2588 1003 2673 loquendo,
1026 2590 1196 2652 recolendo

203 2697 373 2780 quomodo
412 2696 494 2759 circa
527 2695 739 2759 Eukaristiam
776 2694 835 2757 luit
868 2695 968 2777 prima
1007 2694 1124 2755 heresis
1163 2696 1194 2755 in

203 2801 321 2866 Christi
368 2801 537 2884 discipulis
589 2800 779 2863 abeuntibus
833 2810 1013 2861 retrorsum
1057 2810 1195 2882 propter

202 2906 364 2969 duriciam
376 2905 546 2984 sermonis,
561 2920 597 2968 ut
608 2904 849 2988 patetJoh.Vl⁰‚
866 2905 918 2984 bt,
936 2903 986 2988 67,
1003 2916 1033 2965 et
1050 2903 1195 2965 meminit

202 3013 366 3074 decretum
392 3010 423 3073 in
445 3010 492 3072 De
508 3009 772 3088 Consecracione,
789 3008 996 3071 distinccione
1014 3015 1059 3090 2⁸,
1083 3009 1193 3069 Prima

157 3115 327 3199 mquidem
355 3116 479 3178 heresis
507 3136 544 3177 ex
571 3113 758 3177 testimonio
781 3112 963 3194 Augustini.
998 3113 1037 3174 Et
1065 3112 1121 3174 hec
1147 3129 1194 3175 est

200 3220 287 3283 racio
320 3240 417 3304 quare
454 3233 583 3303 oportet
618 3219 795 3281 sacerdotes
827 3218 880 3300 qui
921 3236 1017 3300 panes
1056 3216 1194 3278 offerunt

199 3325 336 3387 omnino
359 3324 472 3388 instrui
498 3325 530 3386 in
555 3324 613 3386 ista
636 3323 776 3387 materia.

245 3428 308 3493 Sed
340 3429 439 3492 tercio
472 3429 689 3511 principaliter
721 3427 889 3510 replicatur
925 3447 980 3509 per
1012 3427 1072 3487 hoc
1101 3427 1189 3508 quod
1201 3437 1409 3500 restauremus.

200 3535 328 3596 novella
351 3534 481 3596 ecclesia
506 3533 599 3616 ponit
622 3531 1017 3596 transsubstantiationem
1046 3532 1136 3613 panis
1160 3546 1190 3592 et
1210 3494 1401 3589 'nilide-tllllllin'

154 3639 264 3704 sovini
289 3638 318 3700 in
342 3658 459 3721 eorpus
482 3635 600 3701 Christi
625 3654 656 3700 et
679 3637 883 3718 sanguinem
912 3637 971 3696 hoc
995 3651 1101 3698 autem
1126 3658 1189 3696 non

198 3744 306 3826 posuit
339 3744 471 3806 ecclesia
504 3742 675 3826 primitiva,
709 3763 784 3825 ergo
815 3741 845 3802 in
875 3741 1033 3802 sentencia
1066 3756 1188 3803 contra·

197 3849 318 3911 dicunt.
344 3855 558 3931 Assumptum
588 3861 675 3929 patet
699 3847 727 3907 l⁰
752 3845 964 3907 Decretalium
989 3846 1034 3906 De
1062 3866 1189 3907 summa

251 4049 270 4082 2.
284 4039 320 4082 A:
338 4035 428 4094 sufficit
442 4038 465 4080 in
481 4049 554 4092 marg.
571 4037 614 4080 alin
630 4049 709 4079 manu.
778 4037 798 4077 ti.
816 4035 848 4078 n:
868 4035 949 4079 amitto
964 4035 1032 4077 modo
1046 4034 1189 4078 tattonem.

198 4120 227 4153 tt.
245 4108 275 4151 tt:
290 4109 496 4163 melioraverunt.
553 4106 667 4159 12.13.lt:
682 4108 733 4150 sola
748 4107 797 4150 illa.
853 4108 882 4150 ιδ’.
894 4106 989 4150 ntttltr:
1001 4111 1101 4161 propter
1115 4106 1187 4148 deest.

196 4191 233 4231 21.
250 4179 282 4222 ll:
298 4179 334 4222 tre
346 4180 420 4222 deest.
475 4177 508 4222 25.
526 4178 557 4221 lt:
573 4183 608 4221 est
621 4179 694 4221 deest.
749 4176 782 4221 32.
798 4177 871 4221 nne:
887 4183 1060 4231 argrnueutmrr.

251 4322 293 4371 24.
316 4306 429 4367 llecreti,
448 4306 537 4356 'l'ertia
559 4305 630 4366 Pars,
650 4305 709 4352 dist.
730 4304 760 4365 ll,
779 4319 836 4368 cop.
855 4303 945 4352 XLll'.
1047 4305 1087 4355 32.
1112 4303 1187 4352 Decr.

199 4395 279 4461 Greg.
299 4395 342 4456 tn',
361 4393 406 4444 lib.
426 4396 444 4454 l,
464 4395 501 4443 tit.
522 4394 541 4456 l,
561 4409 618 4458 cap.
637 4394 656 4454 l,
675 4394 727 4456 53.
