3046 4920
215 455 285 504 cnv.
301 441 354 534 ιν]
557 463 603 514 ors
624 460 868 513 uucunnrsrrn.

216 639 333 704 mores,
361 621 415 683 sed
445 634 553 702 preter
581 617 758 680 essenciam
786 617 992 699 sacramenti;
1025 630 1056 678 et
1084 619 1206 679 utinam

215 724 311 788 nimis
347 725 553 787 observantes
592 721 734 804 Judayce
774 721 854 785 ritus
893 735 924 785 et
959 722 1206 785 consuetudines

214 829 385 893 hominum
402 848 485 911 quos
506 827 589 890 ultra
606 826 773 891 veritatem
791 825 849 889 Dei
874 827 984 890 colunt
1008 828 1207 890 attenderent

215 934 256 996 ad
283 933 378 998 istam
407 930 616 1014 sentenciam,
647 950 721 995 nam
745 931 920 1015 phariseice
945 933 1051 996 colant
1073 931 1205 995 culicem

188 1047 246 1102 5et
287 1037 474 1121 deglutiunt
517 1036 686 1118 camelum,
731 1036 893 1120 exigentes
937 1038 1025 1123 quod
1067 1038 1207 1121 populus

213 1156 368 1227 sequatur
383 1141 463 1204 ritus
480 1156 512 1206 et
528 1156 676 1226 precepta
692 1156 725 1206 et
739 1162 845 1206 mores
868 1157 997 1224 eorum;
1021 1143 1075 1206 sed
1096 1142 1206 1205 dicunt

213 1248 350 1311 stultum
379 1266 448 1310 esse
472 1248 637 1311 attendere
661 1249 702 1311 ad
727 1247 860 1312 consilia
885 1245 1015 1328 Christi,
1044 1248 1084 1310 ad
1107 1248 1205 1311 vitam

213 1353 264 1415 vel
295 1351 579 1416 conversacionem
612 1352 733 1417 Christi
768 1372 805 1416 ac
839 1351 935 1433 Petri,
973 1371 1047 1415 cum
1078 1367 1206 1437 oportet

213 1470 347 1542 propter
379 1456 572 1521 distantiam
612 1473 643 1522 et
676 1457 892 1522 variacionem
928 1457 1081 1541 temporis
1120 1476 1205 1521 nunc

171 1588 202 1621 to
212 1566 383 1627 observare
427 1563 635 1644 contrarium,
683 1577 714 1627 et
757 1562 802 1627 sic
841 1561 1045 1627 observantes
1083 1563 1205 1647 paleam

212 1667 405 1732 dimittimus
430 1689 570 1753 granum
599 1684 738 1752 purum;
773 1669 846 1731 ideo
874 1681 1002 1753 oportet
1029 1670 1118 1754 quod
1147 1690 1204 1731 nos

213 1772 396 1858 vertiginosi
420 1793 488 1836 non
513 1772 719 1837 excuciamus
742 1773 927 1858 religionem
945 1793 1042 1857 quam
1058 1772 1204 1838 Christus

211 1877 360 1958 instituit,
396 1878 472 1963 quia
505 1879 601 1942 Eccli.
634 1878 737 1955 XlX0,
768 1899 776 1940 1
811 1878 942 1942 dicitur:
985 1879 1051 1956 Qui
1080 1882 1204 1962 spernit

212 1983 335 2047 modica
353 1985 517 2066 paulatim
541 1982 679 2062 decime
702 1985 857 2047 debemus
880 2004 955 2066 ergo
978 1986 1203 2069 postponendo

170 2089 291 2154 15ritus
315 2089 460 2153 novellos
484 2091 655 2152 observare
679 2110 787 2152 mores
805 2088 924 2153 Christi
948 2102 979 2152 et
998 2109 1106 2173 opera,
1130 2091 1204 2174 quia

210 2194 389 2258 secundum
413 2193 608 2277 Gregorium
628 2193 656 2256 l⁰
674 2193 884 2259 pastoralium
902 2194 960 2257 lll⁰
976 2193 1094 2258 idcirco
1108 2195 1204 2258 ,lesus

210 2301 242 2363 in
275 2319 375 2362 cartre
402 2310 535 2363 venerat
563 2310 599 2362 ut
627 2318 691 2362 non
721 2297 826 2364 solum
856 2319 914 2364 nos
936 2320 1001 2385 per
1017 2301 1202 2383 passionem

209 2406 241 2466 in
258 2424 359 2468 carne
374 2405 560 2485 redimeret,
588 2424 701 2468 verum
725 2406 828 2469 eciam
839 2424 905 2488 per
924 2407 1203 2470 conversacionem

209 2510 353 2588 docerem
387 2510 459 2573 ideo
492 2530 530 2573 ve
564 2510 667 2592 nobis,
701 2512 727 2573 si
759 2510 895 2573 latemus
927 2510 959 2574 in
988 2511 1126 2575 tenebris
1155 2513 1203 2573 vel

165 2638 198 2673 20
213 2616 442 2680 retrocedendo
466 2617 515 2678 vel
540 2614 733 2678 declinando
758 2617 866 2698 ipsum
889 2636 956 2679 non
980 2616 1153 2700 sequimur.

251 2721 313 2786 Sed
337 2736 447 2785 contra
471 2722 556 2783 istud
581 2721 719 2785 instatur
743 2721 922 2806 tripliciter3
946 2721 1072 2785 videtur
1087 2721 1201 2806 primo,
1222 2731 1301 2828 cupa
1315 2733 1354 2830 «isid
1370 2741 1412 2815 ¹vot

207 2848 281 2890 cum
312 2826 459 2890 Christus
493 2827 633 2890 instituit
667 2841 699 2889 et
732 2827 875 2911 precepit
906 2827 976 2910 capi
1008 2828 1071 2890 hoc
1100 2848 1200 2890 sacra·
1224 2795 1407 2882 ‘'cirris'ssuiiiii'f'

208 2947 353 2995 mentum
379 2931 411 2994 in
436 2951 524 3014 cena,
550 2932 638 3015 quod
664 2952 723 2994 nos
748 2930 902 2995 debemus
927 2933 1034 3016 ipsum
1057 2933 1147 3017 sequi
1171 2947 1201 2995 et

207 3037 373 3120 apostolos
397 3036 465 3099 eius
491 3037 681 3100 celebrando
706 3050 778 3115 post
803 3038 985 3121 prandium.

163 3151 195 3202 25
252 3142 313 3204 llic
352 3142 469 3204 dicitur
500 3143 589 3225 quod
631 3142 797 3205 conclusio
835 3155 883 3205 est
922 3158 1012 3225 vera;
1050 3143 1105 3206 sed
1144 3161 1202 3225 pro
1234 3153 1270 3213 ,11
1284 3154 1304 3198 ia
1320 3166 1384 3199 more

1233 3215 1361 3261 important
1375 3217 1400 3252 to

206 3247 339 3310 materia
363 3248 545 3310 notandum
569 3262 616 3310 est
638 3249 740 3331 quod,
765 3247 847 3311 sicut
864 3246 1013 3311 Christus
1033 3267 1107 3310 curn
1124 3267 1200 3328 apo·
1225 3257 1269 3302 nn
1279 3259 1408 3357 {patrosin

205 3352 297 3415 stolis
330 3351 468 3434 sumpsit
497 3350 560 3415 hoc
588 3367 828 3416 sacramentum
857 3352 984 3415 ieiunus
1012 3373 1029 3414 a
1059 3353 1201 3432 crimine,
1231 3366 1403 3472 ‘dillllssi‘

205 3458 250 3520 sic
274 3470 403 3540 oportet
427 3473 486 3520 nos
511 3457 543 3519 in
569 3457 629 3520 hoc
653 3473 856 3521 sacramento
885 3477 995 3520 eorum
1027 3457 1201 3540 discipulos
1224 3469 1284 3524 evod
1302 3471 1411 3524 praenes.

205 3562 296 3646 sequi
322 3562 418 3645 ipsos.

161 3677 196 3729 30
248 3668 310 3732 Sed
328 3667 402 3752 quia
428 3670 458 3731 in
486 3669 580 3732 nobis
605 3690 641 3732 ex
666 3670 788 3732 cibario
812 3680 964 3732 causatur
987 3667 1202 3731 communiter

206 3774 326 3836 ventris
360 3774 529 3856 ingluvies,
562 3774 636 3836 ideo
669 3774 720 3856 pia
754 3775 907 3858 religione
941 3775 1038 3837 ieiuni
1069 3793 1201 3856 corpore

258 4009 274 4042 t.
293 3998 346 4042 AB:
365 4002 389 4041 et
407 3999 496 4041 utinam
515 3997 592 4050 decan
615 3997 634 4042 C
653 3998 719 4041 addit
738 3998 760 4041 in
781 4009 855 4054 marg.
937 4013 959 4051 4.
980 4010 1048 4046 rrum:
1067 3997 1098 4042 E:
1117 4005 1201 4041 orent:

204 4068 236 4111 ib.
252 4068 285 4112 D:
303 4068 391 4111 colunt.
445 4068 468 4111 6.
484 4066 515 4111 E:
535 4068 649 4123 sequitur.
704 4079 725 4123 7.
742 4066 772 4111 E:
792 4069 829 4111 vel
842 4068 919 4111 viarm.
974 4079 996 4123 7,
1010 4067 1031 4112 8.
1049 4067 1081 4111 tt:
1100 4069 1134 4111 ad
1147 4079 1199 4111 con·

203 4145 297 4182 secreta
309 4137 412 4187 cirum
425 4138 457 4181 ib.
469 4138 500 4181 ll:
516 4139 552 4181 vel
565 4138 732 4182 versationem.
775 4150 801 4182 rr.
814 4137 846 4181 D:
862 4137 969 4194 ideoque.
1012 4150 1044 4191 ¹4·
1060 4137 1092 4180 D:
1107 4137 1200 4181 decidit.

205 4210 236 4252 rb.
251 4208 285 4252 Dr
304 4209 486 4252 conversionem.
561 4206 594 4251 23.
609 4207 640 4251 B:
659 4207 702 4251 sed
715 4221 759 4252 noe
773 4208 887 4252 debemus.
965 4220 1001 4263 27·
1017 4207 1049 4252 E:
1069 4208 1129 4263 cepit
1143 4208 1202 4254 lroc:

204 4279 364 4330 incrimine:
383 4278 415 4322 D:
431 4279 517 4322 anime.

263 4421 300 4471 rs».
319 4426 356 4473 St.
370 4422 490 4489 Gregorii
506 4424 623 4489 Regulne
637 4425 779 4474 pastoralis
793 4424 811 4485 l,
824 4426 847 4476 3.
867 4425 937 4489 Opp.
950 4434 1014 4473 torn.
1028 4423 1057 4483 ll,
1071 4439 1129 4488 pag.
1140 4441 1164 4485 4,
1178 4424 1200 4473 5.
