3046 4920
184 432 252 480 cra.
266 418 310 509 u]
546 438 592 488 na
612 435 858 487 nucuarusrta.

185 597 365 673 nutriendo,
389 596 478 678 quod
502 613 567 654 non
592 591 671 654 loret
688 593 778 654 cibus
803 592 985 675 corporalis,
1010 613 1085 655 curn
1106 613 1171 654 non

184 702 224 763 sit
247 701 352 785 aliqua
375 719 424 762 res
448 697 508 758 nisi
532 697 704 778 corporalis
728 713 759 760 et
783 697 825 760 ita
844 718 953 782 grossa
974 697 1055 759 sicut
1079 698 1172 780 panis

184 805 264 869 alius
287 804 532 866 consecrandus.
559 803 727 884 Numquid
749 803 906 865 credimus
923 804 1012 886 quod
1032 802 1174 885 populus
1192 817 1215 860 ts
1231 830 1300 874 every
1315 818 1382 871 tuing

1185 871 1233 913 tlrat
1249 882 1330 913 comes
1341 882 1397 914 nent

185 922 292 992 posset
334 921 461 970 tantuna
504 906 612 968 seduci
656 908 745 990 quod
783 910 889 973 credat
934 907 1043 971 omnia
1090 909 1381 1019 b⁰⁰⁰⁸¹1sflfi¹ssgc¹cffiss⁰

1227 990 1263 1018 ,¹
1338 987 1378 1017 e,

161 1012 363 1078 §adiacencia
405 1011 560 1073 sacerdoti
599 1032 666 1075 esse
705 1013 970 1076 transaccidencia
1013 1014 1173 1074 destructa
1197 1027 1330 1089 niceana
1347 1040 1387 1090 pre

186 1132 253 1180 tota
281 1116 476 1194 substancia,
506 1131 536 1179 et
565 1117 610 1178 sic
637 1119 820 1180 sacerdotes
844 1119 919 1180 Baal
946 1119 1088 1180 viverent
1116 1134 1174 1198 pro
1184 1080 1395 1212 ‹‚l‘ililld}tliiii

185 1235 412 1303 suoperpetuo
427 1222 495 1284 sine
512 1223 585 1284 cibo
600 1218 777 1304 corporali?
794 1223 914 1284 Revera
927 1222 1175 1284 deliramentum
1252 1183 1320 1228 '⁰⁰³'

186 1324 351 1389 consimile
376 1324 457 1389 loret
473 1328 577 1389 dicere
595 1328 683 1409 quod
706 1341 811 1389 toturn
835 1342 1068 1389 sacramentum
1085 1325 1173 1408 quod

185 1432 365 1513 Apostolus
399 1432 474 1493 dicit
507 1432 626 1493 ebriare
659 1445 689 1493 et
722 1430 919 1514 experiencia
946 1431 1040 1495 docet
1068 1431 1173 1513 ipsum

146 1537 398 1619 rocorporaliter
421 1536 542 1599 nutrire
570 1536 610 1597 sit
641 1536 733 1598 cibus
757 1556 837 1619 pure
860 1535 1033 1619 spiritualis
1057 1551 1087 1598 et
1110 1555 1175 1598 non

187 1641 370 1723 corporalis.
403 1641 520 1723 Pagani
554 1641 709 1704 nimirum
744 1642 890 1705 derident
919 1641 994 1705 istas
1021 1640 1176 1704 stulticias

187 1747 305 1829 quibus
343 1765 453 1807 sensus
492 1746 604 1829 populi
644 1746 864 1829 captivantem
906 1761 1033 1809 tantum
1068 1747 1176 1828 itaque

187 1851 334 1914 sacerdos
364 1865 411 1913 est
434 1852 610 1933 dispositus
638 1851 677 1911 ad
703 1851 819 1914 iterum
847 1851 1073 1914 celebrandum
1101 1870 1176 1912 cum
1199 1868 1380 1929 rtieetrenienrs

187 1956 325 2039 paribus,
344 1957 368 2017 si
385 1977 467 2040 eque
490 1958 654 2018 moderate
670 1971 701 2018 et
718 1977 798 2039 eque
817 1958 953 2019 virtuose
970 1956 1178 2037 assumpserit
1221 1920 1362 2016 'miiiiiiiras

147 2063 388 2124 ritantumdem
412 2064 450 2123 de
474 2062 691 2125 accidentibus
716 2062 765 2123 vel
785 2063 824 2123 de
847 2082 929 2144 pane
946 2062 994 2123 vel
1012 2061 1086 2123 vino
1110 2080 1174 2122 non
1195 2024 1389 2121 iiiiii‘c‘i‘iaie‘ii

187 2168 388 2244 consecratis,
414 2167 496 2229 sicut
519 2169 715 2230 assumendo
741 2181 865 2229 tantum
887 2167 925 2229 de
948 2187 1030 2249 pune
1054 2180 1085 2227 et
1100 2166 1174 2226 vino

187 2273 390 2354 consecratis,
414 2272 630 2335 communiter
645 2286 752 2335 tamen
777 2274 924 2334 sacerdos
952 2292 1016 2333 non
1041 2270 1175 2334 assumit

188 2379 248 2439 hoc
282 2393 515 2440 sacramentum
550 2377 732 2440 intencione
763 2378 837 2460 gule
867 2380 914 2439 vel
941 2376 1045 2459 gracia
1075 2376 1175 2438 nutri-

187 2482 286 2544 cionis
315 2502 478 2565 corporee,
508 2482 581 2545 licet
611 2483 662 2545 illa
691 2502 748 2563 per
775 2482 922 2544 accidens
950 2494 1175 2563 consequatur,

145 2611 177 2645 20
188 2588 259 2650 ideo
275 2589 370 2649 estad
389 2589 616 2650 celebrandum
631 2587 822 2668 disposicior
832 2602 904 2668 post
917 2586 1175 2667 assumpcionem

188 2692 373 2754 sacramenti
399 2713 497 2774 quam
522 2693 737 2754 communiter
760 2706 806 2753 est
829 2691 1004 2773 dispositus
1032 2693 1072 2753 ad
1096 2692 1176 2753 cele·

189 2798 345 2859 brandum
362 2812 434 2878 post
452 2798 712 2878 assumpcionem
729 2798 809 2859 tanti
832 2795 937 2857 cibarii
964 2817 1027 2857 non
1053 2797 1175 2858 sacrati.

189 2903 228 2964 Et
249 2916 335 2985 patet
351 2902 439 2984 quod
464 2902 522 2964 ista
547 2902 596 2963 via
621 2918 754 2984 propter
779 2901 834 2962 has
857 2917 919 2962 tres
943 2902 1086 2983 argucias
1110 2922 1174 2962 non

188 3022 235 3069 est
258 3023 452 3090 competens,
477 3008 531 3068 sed
556 3008 776 3089 competencia
805 3007 872 3068 eius
896 3022 983 3089 patet
1007 3007 1175 3069 exstinctis

146 3112 373 3174 aidoctoribus
397 3112 450 3194 qui
469 3113 629 3174 declarant
646 3113 707 3174 lroc
725 3111 821 3174 luisse
838 3127 1024 3194 competens
1044 3128 1177 3193 propter

188 3237 315 3278 sensum
356 3217 519 3279 misticum
557 3237 655 3300 quem
695 3219 786 3299 panis
824 3231 855 3279 et
895 3218 956 3278 vini
995 3216 1175 3280 substancia

189 3336 414 3403 representant.
440 3323 629 3384 Hereticum
654 3323 762 3404 itaque
785 3322 865 3384 soret
883 3324 1065 3403 extinguere
1086 3323 1176 3383 illum
1244 3336 1342 3398 tasting

189 3446 328 3505 sensum,
372 3427 453 3489 sicut
497 3429 631 3490 stultum
671 3441 717 3488 est
756 3429 883 3489 credere
921 3428 1008 3509 quod
1049 3442 1177 3508 propter
1199 3400 1384 3486 ciiiiii'iiiiiiiiii

188 3531 426 3594 ordinacionem
471 3532 600 3593 ecclesie
644 3546 679 3594 ut
717 3546 862 3593 sumatur
907 3531 1075 3592 eukaristia
1122 3551 1177 3612 per
1221 3503 1364 3538 'mmm'

146 3646 179 3695 30
189 3635 357 3715 ieiunium,
383 3658 579 3720 quamquam
605 3637 782 3719 religiosius
806 3639 992 3699 sumebatur
1015 3635 1177 3699 aChristo

189 3757 219 3802 et
243 3743 405 3824 discipulis
435 3744 500 3804 suis
531 3758 605 3824 post
634 3742 816 3822 prandium,
850 3763 907 3823 per
931 3743 1001 3819 hoc,
1035 3743 1178 3823 inquam,

190 3849 410 3910 introducatur
437 3849 484 3909 lex
514 3848 710 3930 inpossibilis
740 3850 778 3907 de
810 3848 1026 3909 accidentibus
1056 3868 1112 3929 per
1145 3868 1177 3907 se

241 4067 260 4099 a.
281 4056 312 4098 ll:
333 4056 383 4098 aliu
403 4067 455 4104 res,·
475 4055 506 4096 ib.
528 4053 558 4096 li:
580 4067 670 4110 grosse.
760 4069 779 4108 7.
802 4056 833 4097 lt:
857 4068 886 4096 -ι-
911 4058 944 4092 ⁴'=
963 4055 985 4097 id
1006 4057 1048 4096 esu
1069 4067 1095 4097 rc
1113 4066 1177 4096 verta.

191 4126 419 4168 reminiculum.
463 4138 493 4175 ti.
511 4125 539 4168 ll:
555 4131 739 4180 assumpserunt.
787 4139 816 4179 ur.
834 4123 864 4167 13:
880 4126 922 4168 sed
936 4126 985 4168 r'ltn.
1027 4138 1062 4168 ao.
1080 4124 1109 4167 li:
1124 4130 1178 4167 ante

189 4197 379 4251 orrurrrpcr'oucm.
488 4207 519 4247 21,
544 4206 578 4238 22.
608 4196 639 4237 ll:
671 4196 814 4237 sacramenti·
842 4219 864 4226 —
893 4197 1076 4250 «assumpcionem
1104 4194 1176 4236 deest.

191 4264 221 4306 23.
239 4265 312 4308 Aue:
332 4266 509 4320 propit-risun.
565 4278 600 4317 2!-
616 4267 648 4309 Cr
669 4267 744 4307 liuius.
800 4264 833 4308 30.
852 4267 947 4309 nttcu:
967 4266 1097 4321 religionis.

241 4409 265 4459 u.
292 4393 308 4441 l.
329 4393 389 4441 Cor.
410 4394 450 4453 xl,
472 4408 512 4441 21.

1046 4495 1075 4527 ro
