3046 4920
215 434 286 484 car.
301 423 367 515 vu]
558 447 604 497 na
623 445 865 498 aucuantsrta.
1364 451 1416 507 19ι

217 614 248 661 et
265 599 392 682 signato
408 603 464 664 illo
481 603 571 686 quod
586 602 769 685 acquiretur
784 603 833 663 vel
849 601 1049 685 deperdant,
1059 602 1206 683 queritur
1227 614 1408 723 ctltlai't'ggrroqtqclse

216 706 267 781 (ut
306 707 420 789 supra)
464 722 574 770 utrum
622 706 680 767 erit
716 704 887 767 essentiale
924 704 974 767 vel
1011 705 1204 767 accidentale
1219 720 1385 815 qqsftqqquqqn
1396 720 1421 815 ii

214 808 501 892 ydemptificando,
524 809 551 872 si
575 809 744 872 essentiale
768 809 930 890 signatum
957 829 1020 872 non
1043 810 1203 893 ydemptt·
1224 823 1411 920 qteaqunbcscttlsnecqr

215 908 331 976 ficatur
353 915 408 976 sed
426 915 618 977 destruetur.
640 914 673 978 st
689 933 763 977 vero
778 914 819 978 sit
834 913 1028 978 accidentale
1043 915 1204 998 ydemptt·
1228 980 1250 1024 Π
1262 928 1407 1024 {3321an

189 1014 354 1098 lficando,
372 1017 517 1101 sequitur
528 1019 616 1100 quod
635 1038 699 1080 non
716 1020 861 1082 obstante
876 1019 932 1082 illo
950 1033 1043 1082 motu
1063 1020 1205 1082 manebit
1244 1033 1339 1088 enarre
1354 1035 1393 1077 tte

215 1135 393 1206 utrumque
417 1123 577 1207 quidquid
602 1122 735 1206 prefuit3
759 1144 823 1186 non
847 1143 923 1207 ergo
946 1122 1204 1207 ydemptificatur
1252 1086 1378 1182 ‘diiiiiii

215 1245 318 1289 unum
335 1226 436 1306 alteri,
447 1228 504 1289 sed
520 1228 699 1290 manebunt
714 1228 776 1290 due
792 1247 840 1289 res
855 1242 981 1291 tantum
994 1227 1204 1293 essentialiter

215 1329 367 1393 distincte
390 1331 474 1394 sicut
489 1330 522 1393 in
539 1331 708 1414 principio.
730 1331 762 1395 Si
779 1331 846 1393 sine
863 1347 955 1396 motu
972 1330 1026 1396 fiat
1041 1333 1204 1416 ydempti·

213 1430 336 1514 ficatio,
362 1447 441 1498 tunc
463 1455 481 1496 a
506 1449 619 1498 neutro
643 1432 697 1498 fiet
720 1435 841 1498 ablatio
866 1435 1000 1500 alicuius
1024 1438 1203 1501 essentialis

173 1565 203 1599 ro
212 1539 261 1600 vel
279 1537 484 1602 accidentalis
501 1538 665 1621 pertinens
681 1538 982 1623 ydemptificacioni,
1007 1555 1038 1604 et
1055 1561 1112 1625 per
1126 1563 1202 1606 con·

211 1661 350 1724 sequens
376 1644 587 1707 remanebunt
609 1658 697 1707 tante
719 1644 864 1708 distincta
892 1646 1146 1711 substantialiter
1170 1662 1201 1710 et

213 1747 454 1811 accidentaliter
474 1746 557 1811 sicut
579 1748 611 1810 in
635 1748 801 1832 principio.

255 1850 347 1931 Item,
371 1852 479 1935 posito
495 1853 585 1936 quod
604 1853 690 1917 Deus
706 1852 922 1937 ydemptificet
944 1854 1112 1918 hominem
1128 1874 1202 1919 eum
1224 1869 1335 1926 Suppara
1350 1869 1404 1914 coa

1233 1929 1257 1965 tn
1271 1920 1369 1980 identily
1383 1935 1395 1965 a

211 1957 302 2019 asino
325 1959 376 2020 vel
398 1958 558 2042 quidlibet
581 1956 828 2041 significandum
852 1961 1024 2042 eumalio,
1048 1976 1202 2043 queratur
1231 1986 1285 2070 mn
1295 1974 1398 2071 grotqoqq

171 2071 285 2143 rspost
323 2082 444 2141 casum,
489 2078 600 2127 utrum
639 2065 739 2127 homo
777 2065 953 2126 remanebit
990 2064 1091 2126 homo
1129 2080 1202 2149 post
1246 2079 1376 2175 affin

209 2165 549 2248 ydemptificacionem
566 2169 616 2230 vel
632 2168 739 2231 asinus
757 2169 803 2231 vel
820 2184 1003 2251 utrumque.
1025 2169 1058 2233 Si
1075 2183 1198 2233 utrum·
1219 2183 1408 2281 altreqoitsttancqq⁸

209 2290 283 2353 que,
318 2275 530 2336 remanebunt
565 2287 691 2337 tantum
722 2273 869 2337 distincta
901 2274 934 2335 in
967 2274 1137 2357 principio,
1174 2295 1199 2336 st
1218 2288 1410 2386 ssssfss'sssssssssffle'l

210 2376 390 2438 remanebit
423 2379 522 2441 homo
552 2392 583 2440 et
610 2379 718 2441 asinus
741 2378 857 2441 desinit
886 2399 954 2440 esse
982 2380 1031 2441 vel
1060 2394 1199 2462 econtra,
1229 2394 1396 2457 trapsrroyea.

209 2479 337 2543 videtur
353 2482 458 2563 primo
474 2484 563 2566 quod
587 2484 664 2546 illud
682 2483 828 2547 desinens
851 2504 914 2546 non
939 2482 1201 2567 ydemptificatur
1221 2453 1261 2490 ‘¹⁰‘
1276 2447 1403 2491 memmei

167 2585 265 2646 aosed
289 2586 518 2669 corrumpitur,
540 2589 630 2670 quod
648 2601 697 2651 est
712 2603 825 2651 contra
842 2607 1041 2650 concessum.
1069 2589 1201 2652 Videtur

207 2690 352 2751 secundo
376 2692 464 2774 quod
488 2692 646 2774 sequitur:
685 2692 795 2755 Homo
818 2691 1077 2776 ydemptificatur
1098 2695 1199 2772 asino,

207 2814 284 2875 ergo
317 2795 426 2857 asinus
458 2796 719 2879 ydemptiticatur
755 2797 877 2859 homini
919 2811 951 2860 et
984 2812 1129 2878 econtra;
1168 2813 1200 2861 et

206 2898 251 2961 ita
274 2919 312 2961 ex
336 2920 412 2963 casu
437 2921 500 2964 non
525 2901 671 2984 sequitur
688 2902 798 2984 pocius
815 2902 902 2984 quod
921 2916 1082 2966 remaneat
1098 2902 1198 2965 homo

206 3023 304 3086 quant
330 3006 439 3069 asinus
463 3007 510 3069 vel
535 3021 673 3070 econtra
699 3007 771 3070 Non
795 3026 870 3088 ergo
886 3007 1127 3069 concedendum
1151 3022 1198 3071 est

163 3117 310 3174 25unum
334 3113 411 3195 quin
437 3131 493 3194 per
516 3111 601 3173 idem
622 3126 652 3174 et
672 3111 768 3173 aliud.
792 3112 832 3174 Et
846 3112 976 3174 videtur
992 3112 1076 3172 idern
1096 3113 1196 3175 tercio

206 3236 243 3277 ex
267 3216 329 3279 hoc
345 3216 434 3299 quod
458 3216 537 3278 illud
553 3215 829 3299 ydemptilicatum
845 3217 934 3299 quod
959 3216 1076 3279 desinit
1092 3217 1196 3299 perdit

204 3319 326 3403 aliquid
343 3321 403 3383 sibi
419 3321 592 3383 essentiale
608 3335 644 3384 ut
659 3321 799 3382 animam
816 3320 973 3382 asininam
988 3320 1038 3383 vel
1053 3321 1195 3383 animam

205 3425 393 3504 humanam,
416 3439 447 3486 et
471 3447 528 3507 per
552 3445 749 3508 consequens
772 3426 823 3488 illa
848 3446 912 3488 non
937 3426 1018 3489 foret
1033 3426 1195 3509 ydempti·

205 3527 317 3593 flcacio
334 3531 390 3592 sed
405 3530 595 3594 destructio.
617 3532 657 3594 Et
673 3532 722 3592 hic
739 3546 876 3614 querunt
886 3530 980 3613 logici
998 3533 1037 3592 de
1051 3532 1196 3594 subiecto

162 3641 194 3691 30
205 3649 236 3696 et
259 3634 405 3697 terminis
429 3635 739 3719 ydemptifrcacionis
756 3652 791 3698 ut
807 3635 1056 3717 distingueretur
1072 3637 1111 3698 ab
1127 3637 1195 3699 aliis

205 3740 350 3801 motibus
382 3754 413 3802 et
441 3742 481 3802 de
509 3742 578 3803 eius
609 3741 765 3803 celeritate
793 3761 828 3801 at
857 3741 925 3802 aliis
953 3741 1020 3803 eius
1050 3743 1194 3824 proprie·

257 3991 273 4023 t.
295 3979 328 4024 C:
352 3982 416 4035 quod
436 3981 573 4036 acquiretur
594 3981 616 4024 in
641 3994 713 4035 marg.
735 3981 778 4024 alia
801 3994 883 4031 manu:
908 3983 938 4025 ib.
962 3981 994 4024 D:
1017 3981 1193 4037 deperderetur.

203 4063 226 4101 4.
242 4049 273 4093 C:
290 4050 459 4094 destrueretur.
506 4053 528 4094 6.
544 4050 639 4094 AllCll:
655 4050 768 4106 quidquid
781 4052 856 4107 quod,-
870 4052 901 4094 ib.
913 4051 964 4094 llE:
980 4050 1193 4106 ideruptr'ficulu'tur.

203 4132 225 4175 9.
242 4119 274 4162 D:
290 4120 390 4163 oblucr'o.
447 4121 479 4164 ru.
495 4120 548 4164 AB:
564 4121 601 4163 uel
614 4126 698 4164 utrum.
755 4134 784 4176 ¹7-
801 4122 831 4165 C:
847 4126 869 4161 st
883 4122 907 4164 r'u
919 4121 1049 4177 principio.
1065 4121 1193 4177 Herzberg-

203 4188 315 4232 limittit-l
332 4189 412 4233 reads:
432 4190 555 4241 vitalian·
573 4190 674 4233 llcctius:
696 4196 727 4233 ut
787 4192 817 4234 rs.
833 4191 907 4234 aue:
927 4191 995 4234 desit.
1053 4202 1089 4233 20.
1104 4190 1135 4234 E:
1153 4189 1195 4233 sed

203 4259 333 4301 destruitur
350 4259 399 4302 rire
416 4261 589 4315 corrurupr'tur;
610 4261 641 4303 ib.
661 4260 692 4303 D:
714 4261 778 4315 quod
796 4273 854 4304 erse.
935 4260 967 4304 25,
989 4260 1021 4303 ll:
1043 4261 1107 4315 quod
1125 4261 1192 4303 idem.

202 4327 238 4371 26.
254 4329 287 4372 D:
303 4329 348 4372 ltoc
362 4342 438 4386 ergo,·
456 4330 487 4373 ib.
503 4329 535 4372 D:
551 4330 611 4373 illud
623 4330 700 4381 dcc-su
720 4331 749 4373 ib.
765 4331 795 4375 E:
810 4344 855 4374 nou
870 4330 961 4373 desiuit.
1016 4328 1051 4374 30.
1067 4330 1155 4373 eona:
1170 4336 1193 4374 et

201 4398 397 4456 distingueretur.
