3046 4920
613 432 891 485 lNTRODUCTlON.
1344 436 1399 487 l.lll

190 609 276 673 First
300 610 337 672 ol
358 610 398 672 all
427 610 452 671 it
481 609 508 668 is
535 604 683 688 Wyclil’s
717 624 794 666 own
829 606 910 683 idea,
945 609 1094 688 repeated
1122 609 1153 669 in
1183 609 1236 671 the
1269 625 1398 692 present

78 717 211 780 treatise
226 717 278 778 De
292 713 517 786 Eucharistiae,
543 711 613 773 that
637 709 715 773 “the
738 710 857 793 people
881 712 997 774 should
1023 713 1061 775 be
1085 712 1263 776 instructed
1287 715 1319 776 in
1344 715 1398 776 the

76 821 227 884 doctrine
260 819 296 882 ol
323 820 377 880 the
403 816 586 891 Eucharist‚
621 836 658 877 so
693 814 764 878 that
797 816 874 900 they
906 835 981 898 may
1011 832 1066 879 not
1093 819 1228 880 commit
1261 820 1397 903 idolatry

77 927 120 1010 by
144 922 370 1006 worshipping
395 921 449 983 the
475 921 595 999 Host'’,
623 920 727 983 which
753 922 809 984 the
833 920 990 982 Taborite
1014 923 1127 1003 priests
1152 942 1279 1002 express
1302 924 1395 986 when

77 1031 157 1114 they
183 1026 270 1111 say:'

191 1135 348 1195 Notaates
372 1130 505 1213 insuper
539 1131 663 1193 multos
688 1131 771 1194 circa
795 1132 963 1195 materiam
998 1131 1197 1193 Eucharistie
1231 1133 1396 1196 benedicte

75 1237 216 1301 delicere
240 1250 423 1298 statuerunt
439 1236 529 1318 quod
559 1237 591 1297 in
610 1236 743 1299 materia
761 1236 950 1299 sacramenti
968 1235 1101 1318 predicti
1117 1236 1225 1319 sepius
1246 1238 1396 1300 notabilis

77 1341 235 1427 ponenda
253 1355 300 1403 est
316 1340 500 1403 differencia
519 1341 602 1402 inter
618 1361 738 1423 panem
755 1360 977 1420 communem,
1002 1361 1117 1423 panem
1134 1343 1394 1405 sacramentalem

75 1462 107 1509 et
133 1465 256 1529 panem
283 1447 394 1508 vivum
427 1446 622 1508 aeternalem
647 1464 684 1507 ac
708 1447 869 1525 celestem,
902 1460 1049 1509 caventes
1078 1465 1118 1508 ne
1142 1447 1300 1528 scriptura
1332 1467 1395 1530 que

75 1552 236 1614 convenit
252 1552 361 1635 quoad
379 1549 531 1613 ellectum
549 1564 677 1612 tanturn
696 1549 771 1631 pani
790 1549 873 1634 vivo,
890 1549 997 1612 celesti
1013 1570 1049 1612 ac
1067 1565 1189 1631 eterno,
1215 1552 1394 1634 applicetur

75 1659 155 1740 pani
173 1655 395 1718 sacramentali
414 1655 565 1731 identice,
591 1673 631 1716 ne
646 1673 688 1716 ex
703 1654 764 1715 lroc
775 1654 919 1736 populus
934 1654 967 1716 ia
984 1654 1171 1718 idolatriam
1182 1656 1393 1739 prolabatur,

73 1765 235 1824 horrorem
251 1761 315 1824 soli
332 1760 460 1823 Christo
476 1759 616 1822 debitum
629 1759 713 1841 pani
727 1760 972 1836 sacramentali,
988 1772 1155 1844 tamquam
1171 1761 1231 1823 sibi
1248 1763 1393 1825 materia-

72 1867 148 1928 liter
168 1863 382 1943 identificato‚
401 1864 589 1943 tribuendo;
612 1865 714 1925 eciam
740 1883 780 1925 ne
805 1864 961 1946 scriptura
986 1884 1104 1927 sonans
1127 1866 1167 1927 de
1191 1885 1274 1948 pane
1290 1885 1392 1929 sacra·

73 1955 231 2033 mentali⁴
250 1972 289 2032 ad
324 1989 439 2053 panem
480 1988 692 2032 communem
724 1983 957 2053 retorqueatur,
993 1967 1024 2032 et
1057 1970 1147 2053 quod
1187 1971 1393 2052 singulariter

75 2075 264 2139 intellectus
289 2075 369 2137 circa
394 2077 489 2137 verba
508 2074 627 2137 Christi
652 2074 790 2137 dicentis
813 2074 853 2137 de
877 2096 958 2158 pane
982 2076 1220 2140 sacramentali:
1251 2078 1392 2160 Accipite

73 2192 106 2244 et
128 2180 309 2243 benedicite
332 2227 339 2242 .
358 2231 364 2244 .
384 2227 416 2243 ..
441 2195 517 2242 sunt
535 2180 662 2262 populo
679 2179 873 2257 declarandi,
892 2201 930 2242 ne
948 2180 999 2241 ille
1017 2181 1107 2261 panis
1125 2183 1252 2264 corpori
1270 2180 1391 2244 Christi

74 2284 287 2348 materialiter
297 2282 512 2347 identificatur
523 2284 592 2366 (see
611 2286 727 2364 below,
745 2283 805 2347 Ch.
819 2281 906 2369 Vll);
923 2305 979 2347 nec
996 2286 1213 2369 corporaliter,
1228 2288 1392 2367 situaliter,

71 2392 137 2453 hoc
155 2404 206 2453 est
229 2410 303 2453 cum
327 2389 480 2453 omnibus
506 2390 762 2473 proprietatibus
788 2406 852 2453 tam
877 2391 1100 2454 assencialibus
1125 2411 1221 2474 quam
1246 2392 1389 2455 acciden-

71 2498 198 2560 talibus
228 2495 500 2580 consequentibus
531 2496 641 2578 ipsum
671 2496 758 2558 idem
787 2515 901 2578 corpus
927 2495 1046 2559 Christi
1075 2496 1107 2558 in
1136 2495 1215 2582 celo,
1247 2497 1278 2558 in
1308 2516 1391 2578 pane

70 2604 129 2665 illo
155 2602 379 2665 sacramentali
406 2601 474 2663 lore
497 2599 690 2678 affirmetur,
716 2602 764 2662 vel
789 2603 955 2664 carnaliter
986 2603 1163 2664 secundum
1196 2617 1390 2686 conceptum

69 2706 200 2771 Christi
218 2706 451 2789 discipulorum
471 2720 559 2769 retro
584 2706 780 2768 abeuncium
806 2707 993 2768 manducari
1018 2709 1177 2788 credatur,
1194 2710 1243 2770 vel
1260 2728 1315 2791 per
1331 2708 1390 2770 hec

67 2812 333 2875 demonstrativa
350 2812 448 2873 “hic'’
465 2827 496 2874 et
514 2811 624 2874 “hoc''
645 2812 734 2874 aliud
758 2831 856 2895 quarn
881 2811 973 2894 panis
996 2826 1027 2874 et
1049 2814 1159 2875 vinum
1178 2815 1390 2877 demonstrari

67 2932 258 3001 reputetur,
281 2919 331 2979 vel
355 2917 443 3001 quod
462 2931 547 2979 tanta
568 2918 645 2979 rino
662 2917 874 3000 plenitudinis
891 2917 1066 2980 divinitatis
1082 2921 1121 2979 ad
1138 2935 1388 2994 sacramentum,

66 3036 199 3108 quanta
223 3022 263 3083 ad
287 3020 457 3085 Christum
490 3024 648 3102 credatur,
684 3024 745 3085 hoc
778 3023 940 3105 signanter
967 3024 1139 3087 adicientes
1166 3025 1254 3107 quod
1284 3025 1314 3086 in
1340 3045 1388 3087 se·

67 3128 226 3212 parando
249 3127 409 3209 predictos
432 3128 580 3208 singulos
606 3128 787 3192 intellectus
813 3130 989 3191 carendum
1015 3144 1073 3208 est,
1097 3150 1136 3191 ne
1153 3129 1248 3192 detur
1265 3132 1388 3213 populo

64 3232 205 3296 occasio
230 3248 466 3296 sacramentum
492 3234 769 3317 parvipendendi3
794 3234 897 3316 magis
914 3248 1021 3296 autern
1045 3234 1230 3298 exhortetur
1253 3251 1287 3299 ut
1314 3256 1387 3318 pro·

65 3341 174 3400 batus
198 3352 231 3400 et
258 3337 379 3402 habens
407 3358 482 3400 cum
507 3337 640 3402 Christo
669 3359 728 3421 pro
757 3359 852 3422 posse
881 3338 911 3401 in
940 3339 1029 3400 omni
1058 3339 1145 3402 bono
1170 3340 1386 3422 participium,

65 3442 176 3508 simul
210 3445 390 3506 secundum
414 3446 565 3527 Apostoli
599 3445 796 3508 sentenciam
829 3444 1022 3507 conveniens
1055 3446 1178 3508 cibetur
1200 3461 1230 3507 et
1258 3459 1388 3527 potetur

63 3549 186 3633 sepius
209 3566 286 3610 cum
309 3551 494 3614 reverencia
518 3549 721 3613 Eucharistie
754 3564 989 3612 sacramentum
1013 3550 1052 3611 ad
1081 3549 1240 3632 passionis
1264 3549 1384 3613 Christi

65 3654 270 3718 memoriam
293 3675 387 3717 suam
410 3656 581 3739 pigriciam
607 3655 787 3718 excitando.

181 3757 255 3822 The
286 3759 431 3823 doctrine
460 3759 496 3822 ol
523 3760 578 3824 the
603 3761 775 3822 Taborites
799 3780 833 3820 as
856 3760 981 3842 regards
1010 3759 1062 3822 the
1087 3759 1256 3822 Eucharist
1283 3760 1310 3821 is
1337 3776 1385 3824 set

64 3863 163 3928 lorth
187 3864 222 3926 in
247 3884 288 3946 24
310 3865 469 3948 chapters,
494 3867 579 3947 N⁰4
603 3864 639 3928 ol
661 3865 715 3928 the
740 3865 809 3928 first
834 3880 904 3948 part
927 3865 965 3928 ol
985 3865 1039 3928 the
1062 3864 1250 3928 Chronicles
1274 3865 1311 3929 ot
1332 3868 1386 3929 the

181 4195 189 4230 ¹
210 4195 307 4246 Fontes
326 4211 413 4247 rerum
432 4198 564 4249 dustriac.
585 4198 603 4259 l,
622 4208 687 4248 tom.
707 4199 751 4261 Vl,
771 4215 797 4265 p.
815 4197 962 4264 487-488.
981 4197 1039 4248 The
1058 4199 1193 4248 strictness
1212 4198 1275 4248 with
1296 4197 1382 4249 which

63 4287 111 4336 the
146 4283 281 4333 moderate
300 4284 421 4335 llussites
449 4285 512 4350 kept
536 4297 564 4334 to
585 4286 692 4352 Wyclif'
694 4303 706 4334 s
726 4287 844 4336 doctrine
872 4302 930 4353 may¹
955 4286 986 4335 bc
1010 4301 1071 4335 seen
1096 4286 1129 4352 by
1153 4285 1198 4335 the
1219 4288 1335 4350 writings
1355 4286 1386 4337 ol

64 4374 199 4439 Magister
214 4370 319 4423 lohann
338 4373 482 4436 Przibram‚
501 4376 553 4424 and
574 4375 715 4441 especially
736 4375 770 4442 by
789 4373 831 4425 his
851 4376 985 4442 Professio
996 4375 1066 4440 fidei
1083 4376 1223 4438 antiquae.
