3046 4920
998 200 1006 223 r

989 239 1000 269 Ι

658 446 829 501 sonitans
847 448 986 503 wicun·
1186 430 1269 522 [esc.
1281 448 1312 495 ν.

329 604 384 669 sed
422 604 588 669 attendant
624 606 828 673 sentenciam.
864 608 947 673 Nam
981 608 1093 671 beatur
1124 608 1314 673 ambrosius

330 708 410 775 dicit
430 708 550 774 ibidem
572 710 678 797 primo
704 712 860 777 innuitiae
886 714 976 799 quod
996 712 1099 799 ponit
1119 722 1169 779 est
1190 732 1315 797 corpus

333 812 463 881 Christi.
501 814 565 879 lsta
602 836 677 881 vero
713 830 796 883 reeta
830 818 906 883 dicit
935 818 998 883 hoc
1028 836 1097 881 erse
1128 817 1315 901 inpossibile

330 932 428 1005 atque
450 919 636 989 hereticum.
660 920 808 987 Secundo
830 923 908 987 dicit
931 924 1044 987 beatus
1067 922 1258 987 ambrosias
1280 923 1314 987 in

330 1024 445 1089 eodem
474 1026 602 1091 decreto
628 1026 707 1090 illud
729 1028 815 1111 qnod
835 1038 908 1093 erat
924 1029 1025 1113 ponis
1046 1038 1122 1093 onte
1143 1042 1340 1095 consecra-5

330 1131 454 1195 cionem
477 1130 542 1195 mm
571 1148 693 1213 eorpus
717 1132 836 1197 Christi
859 1142 909 1197 est
924 1143 1003 1218 port
1023 1132 1314 1199 consecracionem.

331 1236 416 1316 Hoc,
437 1234 544 1319 inquit
565 1236 623 1300 ista
647 1237 762 1316 glossa,
789 1250 837 1301 est
863 1238 1049 1321 inpossibile
1075 1252 1106 1303 et
1129 1238 1315 1319 hereticum,

116 1360 168 1404 our
181 1363 317 1454 oqponena
332 1340 389 1403 sed
413 1340 576 1424 quantitas
596 1360 654 1423 per
675 1360 710 1405 se
731 1340 889 1423 significet
911 1362 1029 1427 corpur
1045 1340 1175 1411 Christi.
1199 1343 1316 1408 Tereio

124 1416 307 1523 slisldlfl'l

143 1516 182 1560 tlte
195 1514 287 1571 quality

160 1568 269 1611 becomes

124 1618 226 1667 Christ's
240 1618 312 1675 body.

330 1444 479 1529 regulant
500 1444 691 1527 glossmores
713 1446 802 1509 istius
823 1460 908 1511 seete
929 1448 1020 1533 quod
1045 1447 1233 1531 generaliter
1259 1468 1318 1533 per

330 1568 451 1633 paoem
477 1562 509 1613 et
529 1548 641 1613 vinum
670 1551 703 1613 ia
731 1552 823 1615 dictis
850 1564 1037 1616 sanctorum
1065 1552 1157 1617 istius
1185 1552 1361 1618 materiem

330 1653 522 1737 intelligitur
543 1674 602 1720 sua
624 1656 786 1738 quantitas
809 1656 985 1742 benedicta,
1007 1670 1038 1721 et
1060 1658 1105 1722 sic
1127 1656 1318 1743 intelligitur

332 1757 423 1842 quod
445 1757 515 1841 ipsa
538 1758 597 1823 erit
618 1778 736 1844 eorpus
759 1758 887 1842 Christi,
915 1759 980 1824 hoc
1006 1774 1067 1843 est,
1093 1760 1317 1848 ydemptilica·

332 1862 419 1927 bitur
441 1862 567 1947 corpori
589 1860 708 1927 Christi
738 1876 773 1927 ut
795 1863 902 1945 ipsum
924 1865 1197 1931 sacramentaliter
1219 1866 1318 1951 signi·

334 1964 417 2032 licat.
447 1967 487 2032 Et
509 1966 555 2031 sic
576 1966 719 2051 glossaot
740 1968 933 2051 Apostolum
956 1981 989 2032 et
1011 1988 1106 2033 usum
1130 1970 1262 2035 ecclesie
1284 1971 1318 2034 ia

333 2092 458 2137 canone
480 2070 586 2151 misse,
608 2074 739 2157 quando
753 2086 846 2137 orant
860 2085 897 2136 ut
911 2072 994 2137 lone
1008 2074 1207 2139 oblacionem
1225 2074 1318 2140 Deus
1331 2086 1361 2140 15

336 2176 556 2264 multiplieiter
569 2176 741 2255 benedicat,
765 2187 800 2241 ut
809 2178 878 2263 fiet
897 2179 1029 2244 ecclesie
1049 2198 1169 2263 corpus
1189 2190 1222 2245 et
1242 2199 1319 2244 son·

334 2285 414 2370 guis
439 2282 563 2347 domini
588 2283 692 2347 nostri
709 2282 787 2349 Jesu
812 2282 949 2363 otest&
979 2284 1041 2349 hoe
1068 2300 1126 2365 est,
1156 2285 1318 2372 inquiunt,

334 2405 371 2453 ut
392 2389 446 2453 illa
470 2387 629 2472 quantitas
652 2388 854 2453 benedicatur
874 2402 907 2453 et
930 2386 986 2453 fiat
1008 2408 1126 2473 corpus
1145 2388 1264 2455 Christi
1287 2404 1319 2455 et

335 2494 466 2577 sanguis
488 2494 529 2557 ad
551 2512 683 2557 sensum
704 2493 898 2579 expositum,
926 2514 1001 2559 cum
1027 2494 1119 2579 panis
1145 2510 1177 2559 et
1205 2496 1317 2560 uinum

334 2618 401 2663 ooo
425 2611 608 2683 exspectant
623 2598 710 2661 illam
726 2597 996 2681 benediccionem,
1016 2600 1071 2663 sed
1088 2599 1205 2663 uirtute
1222 2602 1316 2665 bene·
1329 2625 1363 2662 so

335 2702 490 2767 dictionis
512 2703 626 2787 prioris
649 2704 787 2767 totaliter
808 2705 1016 2767 destruuntur
1037 2719 1069 2766 et
1085 2704 1245 2788 quantitas
1264 2725 1320 2788 per

334 2829 369 2872 se
393 2828 559 2872 remanens
581 2809 708 2892 supplet
729 2808 831 2871 ricem
854 2828 966 2871 eorum
991 2808 1022 2870 io
1045 2810 1270 2873 benediccione
1287 2810 1318 2873 in

334 2912 557 2976 sacramentali
581 2910 813 2996 significacione
836 2928 867 2976 et
891 2914 921 2975 in
946 2914 1088 2977 virtuosa
1116 2916 1318 2997 operatione.

334 3020 409 3082 Non
444 3019 559 3081 dubito
593 3018 670 3101 quin
702 3020 805 3101 glossa
844 3020 902 3080 ista
940 3018 980 3081 sit
1020 3017 1166 3101 heretica,
1209 3020 1319 3102 primis

336 3122 454 3186 sanctis
477 3122 663 3185 doctoribus
693 3137 723 3185 et
749 3123 876 3185 ecclesie
898 3121 1017 3186 Christi
1041 3121 1214 3204 incognita,
1238 3144 1316 3207 quo·
1330 3133 1361 3185 25

336 3248 438 3311 usque
453 3229 645 3311 glossatores
662 3225 898 3308 magnificantes
914 3227 1001 3305 signa
1017 3227 1176 3311 inquibus
1192 3243 1319 3312 ponunt

336 3346 421 3394 stare
444 3351 535 3393 suam
559 3331 743 3414 religionem
767 3346 801 3394 ut
830 3333 861 3393 in
892 3351 948 3413 per
975 3352 1008 3394 se
1035 3330 1214 3395 dillereocia
1242 3335 1317 3395 sub·

336 3436 516 3516 intrabant;
547 3450 716 3519 propterea
744 3437 829 3497 eoim
853 3437 990 3498 creditur
1014 3436 1186 3520 dyabolum
1211 3456 1318 3499 cecare

339 3561 396 3624 per
419 3560 476 3602 eos
501 3540 658 3623 populum
684 3556 718 3604 ut
745 3541 951 3624 ydolatranda
980 3541 1069 3623 signa
1096 3541 1168 3623 plus
1196 3542 1319 3624 magni·

337 3642 433 3708 ficent
455 3664 553 3727 quam
576 3644 706 3728 signata.
1330 3655 1362 3709 30

390 3831 419 3887 13,
435 3846 466 3887 ¹4-
481 3833 514 3878 D:
533 3833 622 3890 signat.
681 3834 712 3877 tti.
726 3832 756 3877 E:
777 3845 859 3889 eorpus
872 3833 969 3876 ,toenitii
1028 3834 1058 3878 18.
1073 3833 1104 3877 li:
1122 3845 1209 3890 eorpus
1221 3835 1318 3879 domini.

337 3918 372 3949 20.
387 3906 418 3949 li:
438 3910 553 3962 expectat.
607 3916 641 3957 as.
658 3905 688 3948 B:
702 3904 840 3954 lterelicmn,⁴
857 3905 887 3947 ib.
902 3904 984 3947 codd:
1003 3905 1121 3960 npta'mt'r.
1175 3905 1212 3948 ati.
1226 3905 1318 3963 ningui-

336 3975 450 4028 tl'eatrter,·
463 3975 516 4020 AB:
532 3976 609 4033 magis
616 3973 682 4030 lites:
695 3974 726 4018 C:
741 3975 848 4018 correxit.
888 3975 923 4018 ³8.
935 3974 989 4018 AB:
1004 3974 1065 4017 enim
1080 3975 1154 4018 deest:
1170 3973 1190 4019 C
1204 3975 1228 4019 itt
1243 3987 1317 4031 marg.

340 4045 415 4091 addit.
470 4057 506 4101 ²9·
521 4046 574 4090 All:
589 4057 635 4102 ger
649 4057 691 4088 eor
704 4045 780 4098 ἀει-εις
799 4043 855 4089 Cin
871 4056 944 4100 marg.
960 4044 1031 4088 addit.

393 4156 501 4223 15-17.
511 4157 603 4207 Sarum
614 4156 747 4222 liceriary:
763 4155 847 4216 Quom
857 4154 1017 4206 oblationem
1028 4160 1056 4204 tu
1068 4154 1139 4205 Decea
1151 4154 1319 4218 otnnipolcns

338 4245 365 4295 ia
385 4245 510 4297 osttnibns
527 4258 685 4310 qnaesmnns
704 4244 864 4294 benedictam
878 4280 884 4292 .
898 4282 904 4292 .
918 4283 924 4295 .
939 4280 945 4291 .
952 4244 1045 4309 facere
1058 4242 1183 4309 digneris,
1202 4248 1232 4291 nt
1244 4243 1318 4292 nobis

337 4347 435 4396 crispus
458 4340 485 4384 et
508 4333 619 4400 actiguis
630 4332 686 4399 ‚fiat
704 4330 866 4382 dilectissimi
884 4331 948 4382 Filii
966 4331 1013 4391 tui,
1030 4329 1133 4380 domini
1150 4329 1236 4380 nostri
1252 4330 1317 4380 Jestr

339 4419 445 4470 Christi.
