<?xml version="1.0" encoding="UTF-8"?>
<!DOCTYPE html PUBLIC "-//W3C//DTD XHTML 1.0 Transitional//EN"
    "http://www.w3.org/TR/xhtml1/DTD/xhtml1-transitional.dtd">
<html xmlns="http://www.w3.org/1999/xhtml" xml:lang="en" lang="en">
 <head>
  <title>
</title>
<meta http-equiv="Content-Type" content="text/html;charset=utf-8" />
  <meta name='ocr-system' content='tesseract 3.04.00' />
  <meta name='ocr-capabilities' content='ocr_page ocr_carea ocr_par ocr_line ocrx_word'/>
</head>
<body>
  <div class='ocr_page' id='page_1' title='image "./iohanniswyclifd01losegoog/iohanniswyclifd01losegoog_0145.png"; bbox 0 0 3046 4920; ppageno 0'>
   <div class='ocr_carea' id='block_1_1' title="bbox 656 462 1316 555">
    <p class='ocr_par' dir='ltr' id='par_1_1' title="bbox 656 462 1316 555">
     <span class='ocr_line' id='line_1_1' title="bbox 656 462 1316 555; baseline -0.021 -16"><span class='ocrx_word' id='word_1_1' title='bbox 656 486 825 539; x_wconf 76' lang='lat' dir='ltr'>ronanus</span> <span class='ocrx_word' id='word_1_2' title='bbox 842 484 982 539; x_wconf 77' lang='lat' dir='ltr'>wrcrnr</span> <span class='ocrx_word' id='word_1_3' title='bbox 1176 462 1316 555; x_wconf 74' lang='lat' dir='ltr'>[cunin.</span> 
     </span>
    </p>
   </div>
   <div class='ocr_carea' id='block_1_2' title="bbox 326 640 1357 2706">
    <p class='ocr_par' dir='ltr' id='par_1_2' title="bbox 326 640 1357 2706">
     <span class='ocr_line' id='line_1_2' title="bbox 328 640 1316 727; baseline -0.004 -18"><span class='ocrx_word' id='word_1_4' title='bbox 328 660 360 709; x_wconf 90' lang='lat' dir='ltr'>et</span> <span class='ocrx_word' id='word_1_5' title='bbox 384 646 494 709; x_wconf 91' lang='lat' dir='ltr'>redeat</span> <span class='ocrx_word' id='word_1_6' title='bbox 520 644 636 708; x_wconf 88' lang='lat' dir='ltr'>eadem</span> <span class='ocrx_word' id='word_1_7' title='bbox 662 642 804 719; x_wconf 87' lang='lat' dir='ltr'>materis,</span> <span class='ocrx_word' id='word_1_8' title='bbox 835 655 924 727; x_wconf 88' lang='lat' dir='ltr'>patet</span> <span class='ocrx_word' id='word_1_9' title='bbox 949 642 1038 726; x_wconf 92' lang='lat' dir='ltr'>quod</span> <span class='ocrx_word' id='word_1_10' title='bbox 1064 640 1119 703; x_wconf 92' lang='lat' dir='ltr'>diu</span> <span class='ocrx_word' id='word_1_11' title='bbox 1143 640 1205 703; x_wconf 86' lang='lat' dir='ltr'>erit</span> <span class='ocrx_word' id='word_1_12' title='bbox 1225 654 1316 705; x_wconf 88' lang='lat' dir='ltr'>ante·</span> 
     </span>
     <span class='ocr_line' id='line_1_3' title="bbox 328 740 1315 835; baseline -0.006 -21"><span class='ocrx_word' id='word_1_13' title='bbox 328 768 427 835; x_wconf 87' lang='lat' dir='ltr'>quam</span> <span class='ocrx_word' id='word_1_14' title='bbox 441 746 559 813; x_wconf 83' lang='lat' dir='ltr'>redibit</span> <span class='ocrx_word' id='word_1_15' title='bbox 573 746 705 811; x_wconf 87' lang='lat' dir='ltr'>materis</span> <span class='ocrx_word' id='word_1_16' title='bbox 719 745 810 831; x_wconf 81' lang='lat' dir='ltr'>penis</span> <span class='ocrx_word' id='word_1_17' title='bbox 819 746 870 833; x_wconf 89' lang='lat' dir='ltr'>(ut</span> <span class='ocrx_word' id='word_1_18' title='bbox 884 745 1064 811; x_wconf 88' lang='lat' dir='ltr'>concedunt</span> <span class='ocrx_word' id='word_1_19' title='bbox 1076 740 1273 829; x_wconf 81' lang='lat' dir='ltr'>edversarii),</span> <span class='ocrx_word' id='word_1_20' title='bbox 1282 760 1315 809; x_wconf 92' lang='lat' dir='ltr'>et</span> 
     </span>
     <span class='ocr_line' id='line_1_4' title="bbox 328 846 1315 938; baseline -0.004 -21"><span class='ocrx_word' id='word_1_21' title='bbox 328 866 396 918; x_wconf 88' lang='lat' dir='ltr'>tota</span> <span class='ocrx_word' id='word_1_22' title='bbox 418 852 559 938; x_wconf 85' lang='lat' dir='ltr'>qualitas</span> <span class='ocrx_word' id='word_1_23' title='bbox 581 871 646 936; x_wconf 91' lang='lat' dir='ltr'>que</span> <span class='ocrx_word' id='word_1_24' title='bbox 667 850 785 915; x_wconf 88' lang='lat' dir='ltr'>iterum</span> <span class='ocrx_word' id='word_1_25' title='bbox 806 862 1060 933; x_wconf 81' lang='lat' dir='ltr'>corrumperetur</span> <span class='ocrx_word' id='word_1_26' title='bbox 1081 846 1315 931; x_wconf 86' lang='lat' dir='ltr'>anichilabitur,</span> 
     </span>
     <span class='ocr_line' id='line_1_5' title="bbox 327 950 1315 1041; baseline -0.004 -20"><span class='ocrx_word' id='word_1_27' title='bbox 327 957 411 1023; x_wconf 90' lang='lat' dir='ltr'>sicut</span> <span class='ocrx_word' id='word_1_28' title='bbox 431 954 571 1041; x_wconf 88' lang='lat' dir='ltr'>qualitas</span> <span class='ocrx_word' id='word_1_29' title='bbox 593 972 659 1039; x_wconf 90' lang='lat' dir='ltr'>que</span> <span class='ocrx_word' id='word_1_30' title='bbox 682 950 811 1018; x_wconf 90' lang='lat' dir='ltr'>interim</span> <span class='ocrx_word' id='word_1_31' title='bbox 833 953 1028 1035; x_wconf 84' lang='lat' dir='ltr'>producetur</span> <span class='ocrx_word' id='word_1_32' title='bbox 1050 950 1216 1031; x_wconf 75' lang='lat' dir='ltr'>creabitur,</span> <span class='ocrx_word' id='word_1_33' title='bbox 1238 970 1315 1017; x_wconf 89' lang='lat' dir='ltr'>tum</span> 
     </span>
     <span class='ocr_line' id='line_1_6' title="bbox 327 1045 1340 1142; baseline -0.008 -17"><span class='ocrx_word' id='word_1_34' title='bbox 327 1080 395 1126; x_wconf 91' lang='lat' dir='ltr'>nou</span> <span class='ocrx_word' id='word_1_35' title='bbox 417 1060 461 1125; x_wconf 92' lang='lat' dir='ltr'>sit</span> <span class='ocrx_word' id='word_1_36' title='bbox 482 1058 617 1123; x_wconf 86' lang='lat' dir='ltr'>materia</span> <span class='ocrx_word' id='word_1_37' title='bbox 638 1075 703 1142; x_wconf 88' lang='lat' dir='ltr'>que</span> <span class='ocrx_word' id='word_1_38' title='bbox 724 1045 877 1141; x_wconf 73' lang='lat' dir='ltr'>&#39;suscipiat</span> <span class='ocrx_word' id='word_1_39' title='bbox 898 1054 984 1119; x_wconf 86' lang='lat' dir='ltr'>illam</span> <span class='ocrx_word' id='word_1_40' title='bbox 1008 1055 1340 1120; x_wconf 69' lang='lat' dir='ltr'>transmutationem</span> 
     </span>
     <span class='ocr_line' id='line_1_7' title="bbox 327 1158 1313 1247; baseline -0.004 -19"><span class='ocrx_word' id='word_1_41' title='bbox 327 1164 516 1247; x_wconf 70' lang='lat' dir='ltr'>naturalem,</span> <span class='ocrx_word' id='word_1_42' title='bbox 554 1160 601 1225; x_wconf 90' lang='lat' dir='ltr'>sic</span> <span class='ocrx_word' id='word_1_43' title='bbox 632 1160 720 1246; x_wconf 89' lang='lat' dir='ltr'>quod</span> <span class='ocrx_word' id='word_1_44' title='bbox 751 1158 888 1243; x_wconf 87' lang='lat' dir='ltr'>qualitas</span> <span class='ocrx_word' id='word_1_45' title='bbox 921 1178 987 1223; x_wconf 92' lang='lat' dir='ltr'>non</span> <span class='ocrx_word' id='word_1_46' title='bbox 1021 1170 1248 1243; x_wconf 85' lang='lat' dir='ltr'>corrumpetur</span> <span class='ocrx_word' id='word_1_47' title='bbox 1279 1159 1313 1224; x_wconf 93' lang='lat' dir='ltr'>in</span> 
     </span>
     <span class='ocr_line' id='line_1_8' title="bbox 326 1262 1315 1351; baseline -0.005 -20"><span class='ocrx_word' id='word_1_48' title='bbox 326 1264 477 1351; x_wconf 90' lang='lat' dir='ltr'>potentia</span> <span class='ocrx_word' id='word_1_49' title='bbox 507 1264 651 1348; x_wconf 87' lang='lat' dir='ltr'>msterie,</span> <span class='ocrx_word' id='word_1_50' title='bbox 682 1264 738 1327; x_wconf 89' lang='lat' dir='ltr'>sed</span> <span class='ocrx_word' id='word_1_51' title='bbox 769 1277 992 1348; x_wconf 86' lang='lat' dir='ltr'>corrumpetur</span> <span class='ocrx_word' id='word_1_52' title='bbox 1019 1262 1051 1326; x_wconf 93' lang='lat' dir='ltr'>in</span> <span class='ocrx_word' id='word_1_53' title='bbox 1079 1262 1235 1327; x_wconf 88' lang='lat' dir='ltr'>nichilum</span> <span class='ocrx_word' id='word_1_54' title='bbox 1263 1263 1315 1327; x_wconf 83' lang='lat' dir='ltr'>vel</span> 
     </span>
     <span class='ocr_line' id='line_1_9' title="bbox 326 1365 1315 1453; baseline -0.004 -18"><span class='ocrx_word' id='word_1_55' title='bbox 326 1368 468 1435; x_wconf 89' lang='lat' dir='ltr'>totaliter</span> <span class='ocrx_word' id='word_1_56' title='bbox 495 1366 686 1453; x_wconf 88' lang='lat' dir='ltr'>producitur</span> <span class='ocrx_word' id='word_1_57' title='bbox 711 1386 750 1431; x_wconf 83' lang='lat' dir='ltr'>es</span> <span class='ocrx_word' id='word_1_58' title='bbox 777 1365 906 1450; x_wconf 85' lang='lat' dir='ltr'>nichilo,</span> <span class='ocrx_word' id='word_1_59' title='bbox 936 1366 1020 1431; x_wconf 90' lang='lat' dir='ltr'>sicut</span> <span class='ocrx_word' id='word_1_60' title='bbox 1045 1386 1143 1451; x_wconf 77' lang='lat' dir='ltr'>agens</span> <span class='ocrx_word' id='word_1_61' title='bbox 1170 1368 1315 1433; x_wconf 70' lang='lat' dir='ltr'>naturale</span> 
     </span>
     <span class='ocr_line' id='line_1_10' title="bbox 327 1470 1314 1559; baseline -0.004 -22"><span class='ocrx_word' id='word_1_62' title='bbox 327 1472 461 1537; x_wconf 84' lang='lat' dir='ltr'>suscitat</span> <span class='ocrx_word' id='word_1_63' title='bbox 473 1471 618 1559; x_wconf 88' lang='lat' dir='ltr'>priorem</span> <span class='ocrx_word' id='word_1_64' title='bbox 633 1470 801 1537; x_wconf 85' lang='lat' dir='ltr'>materiam</span> <span class='ocrx_word' id='word_1_65' title='bbox 815 1470 905 1556; x_wconf 87' lang='lat' dir='ltr'>panis</span> <span class='ocrx_word' id='word_1_66' title='bbox 920 1490 958 1535; x_wconf 86' lang='lat' dir='ltr'>es</span> <span class='ocrx_word' id='word_1_67' title='bbox 972 1470 1101 1537; x_wconf 87' lang='lat' dir='ltr'>nichilo.</span> <span class='ocrx_word' id='word_1_68' title='bbox 1121 1471 1212 1537; x_wconf 83' lang='lat' dir='ltr'>Telis</span> <span class='ocrx_word' id='word_1_69' title='bbox 1226 1470 1314 1535; x_wconf 89' lang='lat' dir='ltr'>enim</span> 
     </span>
     <span class='ocr_line' id='line_1_11' title="bbox 326 1573 1357 1663; baseline -0.004 -22"><span class='ocrx_word' id='word_1_70' title='bbox 326 1573 508 1642; x_wconf 82' lang='lat' dir='ltr'>substantie</span> <span class='ocrx_word' id='word_1_71' title='bbox 532 1596 598 1640; x_wconf 93' lang='lat' dir='ltr'>non</span> <span class='ocrx_word' id='word_1_72' title='bbox 613 1588 783 1663; x_wconf 70' lang='lat' dir='ltr'>generatur</span> <span class='ocrx_word' id='word_1_73' title='bbox 796 1596 834 1639; x_wconf 85' lang='lat' dir='ltr'>ex</span> <span class='ocrx_word' id='word_1_74' title='bbox 847 1575 1019 1657; x_wconf 86' lang='lat' dir='ltr'>accidente,</span> <span class='ocrx_word' id='word_1_75' title='bbox 1042 1588 1079 1641; x_wconf 94' lang='lat' dir='ltr'>ut</span> <span class='ocrx_word' id='word_1_76' title='bbox 1100 1588 1190 1661; x_wconf 91' lang='lat' dir='ltr'>patet</span> <span class='ocrx_word' id='word_1_77' title='bbox 1212 1577 1312 1661; x_wconf 86' lang='lat' dir='ltr'>quod,</span> <span class='ocrx_word' id='word_1_78' title='bbox 1325 1600 1357 1637; x_wconf 86' lang='grc' dir='ltr'>ιο</span> 
     </span>
     <span class='ocr_line' id='line_1_12' title="bbox 326 1678 1313 1767; baseline -0.001 -21"><span class='ocrx_word' id='word_1_79' title='bbox 326 1681 401 1747; x_wconf 92' lang='lat' dir='ltr'>licet</span> <span class='ocrx_word' id='word_1_80' title='bbox 414 1678 550 1747; x_wconf 88' lang='lat' dir='ltr'>ecclesia</span> <span class='ocrx_word' id='word_1_81' title='bbox 564 1679 790 1765; x_wconf 78' lang='lat' dir='ltr'>sollempniter</span> <span class='ocrx_word' id='word_1_82' title='bbox 802 1678 862 1745; x_wconf 88' lang='lat' dir='ltr'>bec</span> <span class='ocrx_word' id='word_1_83' title='bbox 875 1680 965 1767; x_wconf 75' lang='lat' dir='ltr'>signs</span> <span class='ocrx_word' id='word_1_84' title='bbox 987 1700 1083 1765; x_wconf 87' lang='lat' dir='ltr'>supra</span> <span class='ocrx_word' id='word_1_85' title='bbox 1104 1679 1313 1761; x_wconf 85' lang='lat' dir='ltr'>substantias,</span> 
     </span>
     <span class='ocr_line' id='line_1_13' title="bbox 327 1783 1313 1851; baseline 0 -2"><span class='ocrx_word' id='word_1_86' title='bbox 327 1786 411 1851; x_wconf 86' lang='lat' dir='ltr'>sicut</span> <span class='ocrx_word' id='word_1_87' title='bbox 436 1783 588 1851; x_wconf 80' lang='lat' dir='ltr'>transfert</span> <span class='ocrx_word' id='word_1_88' title='bbox 609 1787 651 1850; x_wconf 82' lang='lat' dir='ltr'>ud</span> <span class='ocrx_word' id='word_1_89' title='bbox 673 1786 834 1850; x_wconf 75' lang='lat' dir='ltr'>contrusis</span> <span class='ocrx_word' id='word_1_90' title='bbox 860 1784 992 1850; x_wconf 89' lang='lat' dir='ltr'>nomina</span> <span class='ocrx_word' id='word_1_91' title='bbox 1019 1784 1240 1849; x_wconf 87' lang='lat' dir='ltr'>ministrorum</span> <span class='ocrx_word' id='word_1_92' title='bbox 1262 1804 1313 1849; x_wconf 89' lang='lat' dir='ltr'>et·</span> 
     </span>
     <span class='ocr_line' id='line_1_14' title="bbox 326 1887 1312 1972; baseline -0.002 -19"><span class='ocrx_word' id='word_1_93' title='bbox 326 1888 432 1971; x_wconf 85' lang='lat' dir='ltr'>clesie,</span> <span class='ocrx_word' id='word_1_94' title='bbox 463 1901 618 1954; x_wconf 86' lang='lat' dir='ltr'>manente</span> <span class='ocrx_word' id='word_1_95' title='bbox 646 1902 756 1953; x_wconf 87' lang='lat' dir='ltr'>tamen</span> <span class='ocrx_word' id='word_1_96' title='bbox 787 1888 1002 1971; x_wconf 70' lang='lat' dir='ltr'>disposicione</span> <span class='ocrx_word' id='word_1_97' title='bbox 1029 1906 1130 1972; x_wconf 89' lang='lat' dir='ltr'>quam</span> <span class='ocrx_word' id='word_1_98' title='bbox 1153 1888 1241 1952; x_wconf 89' lang='lat' dir='ltr'>Deus</span> <span class='ocrx_word' id='word_1_99' title='bbox 1263 1887 1312 1953; x_wconf 92' lang='lat' dir='ltr'>in·</span> 
     </span>
     <span class='ocr_line' id='line_1_15' title="bbox 326 1992 1312 2077; baseline -0.002 -20"><span class='ocrx_word' id='word_1_100' title='bbox 326 1992 430 2057; x_wconf 91' lang='lat' dir='ltr'>stituit</span> <span class='ocrx_word' id='word_1_101' title='bbox 451 1992 503 2055; x_wconf 84' lang='lat' dir='ltr'>ael</span> <span class='ocrx_word' id='word_1_102' title='bbox 525 1992 694 2072; x_wconf 73' lang='lat' dir='ltr'>venantia,</span> <span class='ocrx_word' id='word_1_103' title='bbox 717 2010 782 2057; x_wconf 90' lang='lat' dir='ltr'>non</span> <span class='ocrx_word' id='word_1_104' title='bbox 799 2004 929 2075; x_wconf 89' lang='lat' dir='ltr'>oportet</span> <span class='ocrx_word' id='word_1_105' title='bbox 943 1993 1029 2077; x_wconf 88' lang='lat' dir='ltr'>quod</span> <span class='ocrx_word' id='word_1_106' title='bbox 1046 2004 1159 2055; x_wconf 86' lang='lat' dir='ltr'>natura</span> <span class='ocrx_word' id='word_1_107' title='bbox 1175 1993 1220 2055; x_wconf 86' lang='lat' dir='ltr'>rei</span> <span class='ocrx_word' id='word_1_108' title='bbox 1237 2010 1312 2076; x_wconf 88' lang='lat' dir='ltr'>pro·</span> 
     </span>
     <span class='ocr_line' id='line_1_16' title="bbox 326 2095 1356 2182; baseline -0.003 -20"><span class='ocrx_word' id='word_1_109' title='bbox 326 2095 556 2182; x_wconf 87' lang='lat' dir='ltr'>portionaliter</span> <span class='ocrx_word' id='word_1_110' title='bbox 578 2110 805 2181; x_wconf 88' lang='lat' dir='ltr'>consequatur,</span> <span class='ocrx_word' id='word_1_111' title='bbox 832 2110 867 2161; x_wconf 92' lang='lat' dir='ltr'>ut</span> <span class='ocrx_word' id='word_1_112' title='bbox 890 2098 998 2181; x_wconf 87' lang='lat' dir='ltr'>posito</span> <span class='ocrx_word' id='word_1_113' title='bbox 1020 2096 1109 2181; x_wconf 90' lang='lat' dir='ltr'>quod</span> <span class='ocrx_word' id='word_1_114' title='bbox 1131 2095 1240 2159; x_wconf 87' lang='lat' dir='ltr'>anima</span> <span class='ocrx_word' id='word_1_115' title='bbox 1262 2096 1312 2161; x_wconf 85' lang='lat' dir='ltr'>vel</span> <span class='ocrx_word' id='word_1_116' title='bbox 1325 2104 1356 2159; x_wconf 79' lang='lat'>15</span> 
     </span>
     <span class='ocr_line' id='line_1_17' title="bbox 326 2200 1312 2287; baseline -0.002 -22"><span class='ocrx_word' id='word_1_117' title='bbox 326 2220 520 2287; x_wconf 87' lang='lat' dir='ltr'>quecunque</span> <span class='ocrx_word' id='word_1_118' title='bbox 531 2200 636 2266; x_wconf 80' lang='lat' dir='ltr'>forms</span> <span class='ocrx_word' id='word_1_119' title='bbox 648 2201 816 2267; x_wconf 82' lang='lat' dir='ltr'>materialis</span> <span class='ocrx_word' id='word_1_120' title='bbox 828 2201 996 2265; x_wconf 86' lang='lat' dir='ltr'>inmediate</span> <span class='ocrx_word' id='word_1_121' title='bbox 1008 2213 1112 2266; x_wconf 85' lang='lat' dir='ltr'>sctuet</span> <span class='ocrx_word' id='word_1_122' title='bbox 1124 2200 1312 2266; x_wconf 90' lang='lat' dir='ltr'>huiusmodi</span> 
     </span>
     <span class='ocr_line' id='line_1_18' title="bbox 326 2305 1313 2391; baseline -0.003 -20"><span class='ocrx_word' id='word_1_123' title='bbox 326 2307 474 2371; x_wconf 89' lang='lat' dir='ltr'>accidens</span> <span class='ocrx_word' id='word_1_124' title='bbox 501 2306 689 2371; x_wconf 85' lang='lat' dir='ltr'>absolutum</span> <span class='ocrx_word' id='word_1_125' title='bbox 712 2326 770 2391; x_wconf 90' lang='lat' dir='ltr'>per</span> <span class='ocrx_word' id='word_1_126' title='bbox 791 2326 825 2371; x_wconf 91' lang='lat' dir='ltr'>se</span> <span class='ocrx_word' id='word_1_127' title='bbox 847 2322 1006 2371; x_wconf 81' lang='lat' dir='ltr'>servatum</span> <span class='ocrx_word' id='word_1_128' title='bbox 1028 2305 1109 2371; x_wconf 88' lang='lat' dir='ltr'>iuret</span> <span class='ocrx_word' id='word_1_129' title='bbox 1130 2305 1313 2370; x_wconf 84' lang='lat' dir='ltr'>substancia</span> 
     </span>
     <span class='ocr_line' id='line_1_19' title="bbox 326 2410 1313 2495; baseline -0.003 -18"><span class='ocrx_word' id='word_1_130' title='bbox 326 2410 507 2495; x_wconf 88' lang='lat' dir='ltr'>composita</span> <span class='ocrx_word' id='word_1_131' title='bbox 535 2425 572 2476; x_wconf 91' lang='lat' dir='ltr'>ut</span> <span class='ocrx_word' id='word_1_132' title='bbox 593 2424 642 2475; x_wconf 88' lang='lat' dir='ltr'>est</span> <span class='ocrx_word' id='word_1_133' title='bbox 668 2410 768 2477; x_wconf 90' lang='lat' dir='ltr'>modo</span> <span class='ocrx_word' id='word_1_134' title='bbox 790 2425 823 2476; x_wconf 93' lang='lat' dir='ltr'>et</span> <span class='ocrx_word' id='word_1_135' title='bbox 844 2412 894 2475; x_wconf 80' lang='lat' dir='ltr'>vel</span> <span class='ocrx_word' id='word_1_136' title='bbox 922 2412 1007 2475; x_wconf 87' lang='lat' dir='ltr'>nulla</span> <span class='ocrx_word' id='word_1_137' title='bbox 1034 2425 1178 2476; x_wconf 85' lang='lat' dir='ltr'>creatura</span> <span class='ocrx_word' id='word_1_138' title='bbox 1205 2424 1313 2494; x_wconf 87' lang='lat' dir='ltr'>potest</span> 
     </span>
     <span class='ocr_line' id='line_1_20' title="bbox 326 2514 1313 2602; baseline 0 -22"><span class='ocrx_word' id='word_1_139' title='bbox 326 2536 383 2602; x_wconf 90' lang='lat' dir='ltr'>per</span> <span class='ocrx_word' id='word_1_140' title='bbox 398 2536 432 2581; x_wconf 87' lang='lat' dir='ltr'>se</span> <span class='ocrx_word' id='word_1_141' title='bbox 447 2535 517 2580; x_wconf 86' lang='lat' dir='ltr'>esse</span> <span class='ocrx_word' id='word_1_142' title='bbox 535 2515 604 2581; x_wconf 90' lang='lat' dir='ltr'>sine</span> <span class='ocrx_word' id='word_1_143' title='bbox 619 2516 773 2581; x_wconf 86' lang='lat' dir='ltr'>miraculo</span> <span class='ocrx_word' id='word_1_144' title='bbox 795 2517 845 2580; x_wconf 85' lang='lat' dir='ltr'>vel</span> <span class='ocrx_word' id='word_1_145' title='bbox 868 2532 1017 2581; x_wconf 84' lang='lat' dir='ltr'>vocatum</span> <span class='ocrx_word' id='word_1_146' title='bbox 1040 2514 1185 2580; x_wconf 88' lang='lat' dir='ltr'>accidens</span> <span class='ocrx_word' id='word_1_147' title='bbox 1206 2529 1313 2599; x_wconf 85' lang='lat' dir='ltr'>potest</span> 
     </span>
     <span class='ocr_line' id='line_1_21' title="bbox 328 2620 1357 2706; baseline -0.005 -21"><span class='ocrx_word' id='word_1_148' title='bbox 328 2642 385 2706; x_wconf 92' lang='lat' dir='ltr'>per</span> <span class='ocrx_word' id='word_1_149' title='bbox 408 2642 442 2685; x_wconf 92' lang='lat' dir='ltr'>se</span> <span class='ocrx_word' id='word_1_150' title='bbox 465 2642 535 2687; x_wconf 89' lang='lat' dir='ltr'>esse</span> <span class='ocrx_word' id='word_1_151' title='bbox 557 2621 627 2684; x_wconf 89' lang='lat' dir='ltr'>sine</span> <span class='ocrx_word' id='word_1_152' title='bbox 650 2640 736 2685; x_wconf 82' lang='lat' dir='ltr'>novo</span> <span class='ocrx_word' id='word_1_153' title='bbox 759 2620 913 2686; x_wconf 88' lang='lat' dir='ltr'>miraculo</span> <span class='ocrx_word' id='word_1_154' title='bbox 935 2622 984 2685; x_wconf 79' lang='lat' dir='ltr'>uel</span> <span class='ocrx_word' id='word_1_155' title='bbox 1012 2620 1089 2705; x_wconf 80' lang='lat' dir='ltr'>fingi</span> <span class='ocrx_word' id='word_1_156' title='bbox 1120 2634 1229 2703; x_wconf 87' lang='lat' dir='ltr'>posset</span> <span class='ocrx_word' id='word_1_157' title='bbox 1255 2640 1357 2704; x_wconf 82' lang='lat' dir='ltr'>perso</span> 
     </span>
    </p>
   </div>
   <div class='ocr_carea' id='block_1_3' title="bbox 108 2725 1312 2809">
    <p class='ocr_par' dir='ltr' id='par_1_3' title="bbox 108 2725 1312 2809">
     <span class='ocr_line' id='line_1_22' title="bbox 108 2725 1312 2809; baseline 0.002 -22"><span class='ocrx_word' id='word_1_158' title='bbox 108 2728 414 2789; x_wconf 45' lang='lat' dir='ltr'>trutmannia-idem</span> <span class='ocrx_word' id='word_1_159' title='bbox 447 2727 652 2790; x_wconf 88' lang='lat' dir='ltr'>miraculum.</span> <span class='ocrx_word' id='word_1_160' title='bbox 686 2727 778 2791; x_wconf 91' lang='lat' dir='ltr'>Unde</span> <span class='ocrx_word' id='word_1_161' title='bbox 809 2728 969 2790; x_wconf 92' lang='lat' dir='ltr'>tolleretur</span> <span class='ocrx_word' id='word_1_162' title='bbox 999 2726 1105 2790; x_wconf 90' lang='lat' dir='ltr'>omnis</span> <span class='ocrx_word' id='word_1_163' title='bbox 1136 2725 1312 2809; x_wconf 83' lang='lat' dir='ltr'>descriptio</span> 
     </span>
    </p>
   </div>
   <div class='ocr_carea' id='block_1_4' title="bbox 129 2796 291 2840">
    <p class='ocr_par' dir='ltr' id='par_1_4' title="bbox 129 2796 291 2840">
     <span class='ocr_line' id='line_1_23' title="bbox 129 2796 291 2840; baseline -0.012 -1"><span class='ocrx_word' id='word_1_164' title='bbox 129 2796 181 2840; x_wconf 86' lang='lat' dir='ltr'>ot&#39;a</span> <span class='ocrx_word' id='word_1_165' title='bbox 197 2807 234 2839; x_wconf 88' lang='lat' dir='ltr'>ma</span> <span class='ocrx_word' id='word_1_166' title='bbox 266 2803 291 2838; x_wconf 92' lang='lat' dir='ltr'>ot</span> 
     </span>
    </p>
   </div>
   <div class='ocr_carea' id='block_1_5' title="bbox 107 2830 1312 2916">
    <p class='ocr_par' dir='ltr' id='par_1_5' title="bbox 107 2830 1312 2916">
     <span class='ocr_line' id='line_1_24' title="bbox 107 2830 1312 2916; baseline 0.002 -24"><span class='ocrx_word' id='word_1_167' title='bbox 107 2848 249 2892; x_wconf 67' lang='lat' dir='ltr'>tresanus</span> <span class='ocrx_word' id='word_1_168' title='bbox 263 2852 310 2891; x_wconf 65' lang='lat' dir='ltr'>rou</span> <span class='ocrx_word' id='word_1_169' title='bbox 328 2845 481 2894; x_wconf 89' lang='lat' dir='ltr'>creature.</span> <span class='ocrx_word' id='word_1_170' title='bbox 506 2831 558 2895; x_wconf 89' lang='lat' dir='ltr'>Sic</span> <span class='ocrx_word' id='word_1_171' title='bbox 580 2832 667 2894; x_wconf 88' lang='lat' dir='ltr'>enlm</span> <span class='ocrx_word' id='word_1_172' title='bbox 690 2830 816 2916; x_wconf 79' lang='lat' dir='ltr'>fingunt</span> <span class='ocrx_word' id='word_1_173' title='bbox 839 2832 1030 2915; x_wconf 85' lang='lat' dir='ltr'>sollempnes</span> <span class='ocrx_word' id='word_1_174' title='bbox 1053 2831 1200 2894; x_wconf 86' lang='lat' dir='ltr'>doctores</span> <span class='ocrx_word' id='word_1_175' title='bbox 1224 2832 1312 2913; x_wconf 90' lang='lat' dir='ltr'>quod</span> 
     </span>
    </p>
   </div>
   <div class='ocr_carea' id='block_1_6' title="bbox 111 2899 305 2945">
    <p class='ocr_par' dir='ltr' id='par_1_6' title="bbox 111 2899 305 2945">
     <span class='ocr_line' id='line_1_25' title="bbox 111 2899 305 2945; baseline -0.015 -1"><span class='ocrx_word' id='word_1_176' title='bbox 111 2913 124 2944; x_wconf 81' lang='lat' dir='ltr'>a</span> <span class='ocrx_word' id='word_1_177' title='bbox 138 2899 249 2945; x_wconf 71' lang='lat' dir='ltr'>sensitiva</span> <span class='ocrx_word' id='word_1_178' title='bbox 263 2911 305 2943; x_wconf 88' lang='lat' dir='ltr'>sou</span> 
     </span>
    </p>
   </div>
   <div class='ocr_carea' id='block_1_7' title="bbox 110 2936 1313 3048">
    <p class='ocr_par' dir='ltr' id='par_1_7' title="bbox 110 2936 1313 3048">
     <span class='ocr_line' id='line_1_26' title="bbox 110 2936 1313 3048; baseline 0 -51"><span class='ocrx_word' id='word_1_179' title='bbox 110 2953 197 3048; x_wconf 55' lang='lat' dir='ltr'>capnt:</span> <span class='ocrx_word' id='word_1_180' title='bbox 209 2951 312 3048; x_wconf 51' lang='lat' dir='ltr'>mm</span> <span class='ocrx_word' id='word_1_181' title='bbox 327 2950 480 3020; x_wconf 83' lang='lat' dir='ltr'>generato</span> <span class='ocrx_word' id='word_1_182' title='bbox 505 2955 612 2998; x_wconf 82' lang='lat' dir='ltr'>verme</span> <span class='ocrx_word' id='word_1_183' title='bbox 628 2936 668 2999; x_wconf 88' lang='lat' dir='ltr'>de</span> <span class='ocrx_word' id='word_1_184' title='bbox 685 2936 788 3000; x_wconf 87' lang='lat' dir='ltr'>hostia</span> <span class='ocrx_word' id='word_1_185' title='bbox 810 2937 915 2999; x_wconf 87' lang='lat' dir='ltr'>anima</span> <span class='ocrx_word' id='word_1_186' title='bbox 938 2936 1086 3000; x_wconf 79' lang='lat' dir='ltr'>sensitiva</span> <span class='ocrx_word' id='word_1_187' title='bbox 1110 2936 1313 2999; x_wconf 85' lang='lat' dir='ltr'>induceretur</span> 
     </span>
    </p>
   </div>
   <div class='ocr_carea' id='block_1_8' title="bbox 120 3040 1310 3126">
    <p class='ocr_par' dir='ltr' id='par_1_8' title="bbox 120 3040 1310 3126">
     <span class='ocr_line' id='line_1_27' title="bbox 120 3040 1310 3126; baseline 0.003 -26"><span class='ocrx_word' id='word_1_188' title='bbox 120 3056 299 3110; x_wconf 58' lang='lat' dir='ltr'>accidenter„-</span> <span class='ocrx_word' id='word_1_189' title='bbox 327 3061 358 3102; x_wconf 80' lang='lat' dir='ltr'>tn</span> <span class='ocrx_word' id='word_1_190' title='bbox 390 3040 574 3105; x_wconf 85' lang='lat' dir='ltr'>accidentia</span> <span class='ocrx_word' id='word_1_191' title='bbox 609 3040 677 3104; x_wconf 91' lang='lat' dir='ltr'>sine</span> <span class='ocrx_word' id='word_1_192' title='bbox 709 3041 856 3121; x_wconf 85' lang='lat' dir='ltr'>materia;</span> <span class='ocrx_word' id='word_1_193' title='bbox 893 3060 990 3126; x_wconf 89' lang='lat' dir='ltr'>quare</span> <span class='ocrx_word' id='word_1_194' title='bbox 1024 3060 1100 3125; x_wconf 82' lang='lat' dir='ltr'>ergo</span> <span class='ocrx_word' id='word_1_195' title='bbox 1136 3060 1200 3103; x_wconf 93' lang='lat' dir='ltr'>non</span> <span class='ocrx_word' id='word_1_196' title='bbox 1236 3060 1310 3103; x_wconf 91' lang='lat' dir='ltr'>con·</span> 
     </span>
    </p>
   </div>
   <div class='ocr_carea' id='block_1_9' title="bbox 127 3108 290 3153">
    <p class='ocr_par' dir='ltr' id='par_1_9' title="bbox 127 3108 290 3153">
     <span class='ocr_line' id='line_1_28' title="bbox 127 3108 290 3153; baseline -0.006 0"><span class='ocrx_word' id='word_1_197' title='bbox 127 3121 170 3153; x_wconf 82' lang='lat' dir='ltr'>tun</span> <span class='ocrx_word' id='word_1_198' title='bbox 185 3108 244 3153; x_wconf 83' lang='lat' dir='ltr'>hare</span> <span class='ocrx_word' id='word_1_199' title='bbox 257 3120 290 3152; x_wconf 91' lang='lat' dir='ltr'>no</span> 
     </span>
    </p>
   </div>
   <div class='ocr_carea' id='block_1_10' title="bbox 121 3144 1354 3217">
    <p class='ocr_par' dir='ltr' id='par_1_10' title="bbox 121 3144 1354 3217">
     <span class='ocr_line' id='line_1_29' title="bbox 121 3144 1354 3217; baseline 0.002 -12"><span class='ocrx_word' id='word_1_200' title='bbox 121 3160 301 3217; x_wconf 62' lang='lat' dir='ltr'>knowledge-or·</span> <span class='ocrx_word' id='word_1_201' title='bbox 325 3161 508 3209; x_wconf 88' lang='lat' dir='ltr'>sumeretur</span> <span class='ocrx_word' id='word_1_202' title='bbox 539 3164 577 3208; x_wconf 90' lang='lat' dir='ltr'>ex</span> <span class='ocrx_word' id='word_1_203' title='bbox 610 3144 666 3208; x_wconf 93' lang='lat' dir='ltr'>tibi</span> <span class='ocrx_word' id='word_1_204' title='bbox 700 3145 799 3209; x_wconf 92' lang='lat' dir='ltr'>dubio</span> <span class='ocrx_word' id='word_1_205' title='bbox 830 3160 894 3210; x_wconf 93' lang='lat' dir='ltr'>tota</span> <span class='ocrx_word' id='word_1_206' title='bbox 927 3145 1095 3209; x_wconf 86' lang='lat' dir='ltr'>materialis</span> <span class='ocrx_word' id='word_1_207' title='bbox 1129 3144 1354 3208; x_wconf 70' lang='lat' dir='ltr'>substantians</span> 
     </span>
    </p>
   </div>
   <div class='ocr_carea' id='block_1_11' title="bbox 141 3213 275 3261">
    <p class='ocr_par' dir='ltr' id='par_1_11' title="bbox 141 3213 275 3261">
     <span class='ocr_line' id='line_1_30' title="bbox 141 3213 275 3261; baseline -0.037 0"><span class='ocrx_word' id='word_1_208' title='bbox 141 3213 275 3261; x_wconf 81' lang='lat' dir='ltr'>substance.</span> 
     </span>
    </p>
   </div>
   <div class='ocr_carea' id='block_1_12' title="bbox 325 3249 1354 3752">
    <p class='ocr_par' dir='ltr' id='par_1_12' title="bbox 325 3249 1354 3752">
     <span class='ocr_line' id='line_1_31' title="bbox 325 3249 1310 3334; baseline -0.001 -21"><span class='ocrx_word' id='word_1_209' title='bbox 325 3249 407 3313; x_wconf 87' lang='lat' dir='ltr'>iacta</span> <span class='ocrx_word' id='word_1_210' title='bbox 423 3249 635 3333; x_wconf 80' lang='lat' dir='ltr'>generatione</span> <span class='ocrx_word' id='word_1_211' title='bbox 650 3264 681 3314; x_wconf 94' lang='lat' dir='ltr'>et</span> <span class='ocrx_word' id='word_1_212' title='bbox 698 3264 788 3314; x_wconf 90' lang='lat' dir='ltr'>motu</span> <span class='ocrx_word' id='word_1_213' title='bbox 805 3250 887 3314; x_wconf 92' lang='lat' dir='ltr'>inter</span> <span class='ocrx_word' id='word_1_214' title='bbox 902 3251 975 3313; x_wconf 92' lang='lat' dir='ltr'>talia</span> <span class='ocrx_word' id='word_1_215' title='bbox 990 3250 1180 3330; x_wconf 87' lang='lat' dir='ltr'>accidentia,</span> <span class='ocrx_word' id='word_1_216' title='bbox 1197 3270 1310 3334; x_wconf 85' lang='lat' dir='ltr'>ymmo</span> 
     </span>
     <span class='ocr_line' id='line_1_32' title="bbox 325 3353 1310 3438; baseline -0.002 -21"><span class='ocrx_word' id='word_1_217' title='bbox 325 3375 399 3418; x_wconf 87' lang='lat' dir='ltr'>turn</span> <span class='ocrx_word' id='word_1_218' title='bbox 428 3354 560 3417; x_wconf 88' lang='lat' dir='ltr'>materia</span> <span class='ocrx_word' id='word_1_219' title='bbox 589 3354 807 3418; x_wconf 86' lang='lat' dir='ltr'>individuutur</span> <span class='ocrx_word' id='word_1_220' title='bbox 828 3355 867 3417; x_wconf 87' lang='lat' dir='ltr'>ab</span> <span class='ocrx_word' id='word_1_221' title='bbox 891 3355 1018 3419; x_wconf 89' lang='lat' dir='ltr'>instanti</span> <span class='ocrx_word' id='word_1_222' title='bbox 1048 3374 1103 3416; x_wconf 91' lang='lat' dir='ltr'>sue</span> <span class='ocrx_word' id='word_1_223' title='bbox 1126 3353 1310 3438; x_wconf 76' lang='lat' dir='ltr'>creationis,</span> 
     </span>
     <span class='ocr_line' id='line_1_33' title="bbox 325 3457 1312 3542; baseline -0.001 -21"><span class='ocrx_word' id='word_1_224' title='bbox 325 3460 451 3521; x_wconf 88' lang='lat' dir='ltr'>videtur</span> <span class='ocrx_word' id='word_1_225' title='bbox 483 3459 573 3542; x_wconf 89' lang='lat' dir='ltr'>quod</span> <span class='ocrx_word' id='word_1_226' title='bbox 602 3479 686 3522; x_wconf 89' lang='lat' dir='ltr'>nova</span> <span class='ocrx_word' id='word_1_227' title='bbox 713 3474 835 3522; x_wconf 87' lang='lat' dir='ltr'>creatur</span> <span class='ocrx_word' id='word_1_228' title='bbox 863 3474 894 3523; x_wconf 92' lang='lat' dir='ltr'>et</span> <span class='ocrx_word' id='word_1_229' title='bbox 922 3480 986 3522; x_wconf 92' lang='lat' dir='ltr'>non</span> <span class='ocrx_word' id='word_1_230' title='bbox 1015 3460 1059 3521; x_wconf 86' lang='lat' dir='ltr'>sic</span> <span class='ocrx_word' id='word_1_231' title='bbox 1086 3457 1312 3523; x_wconf 88' lang='lat' dir='ltr'>inevitabiliter</span> 
     </span>
     <span class='ocr_line' id='line_1_34' title="bbox 325 3564 1311 3648; baseline -0.001 -22"><span class='ocrx_word' id='word_1_232' title='bbox 325 3565 457 3646; x_wconf 89' lang='lat' dir='ltr'>antiqua</span> <span class='ocrx_word' id='word_1_233' title='bbox 480 3577 679 3626; x_wconf 83' lang='lat' dir='ltr'>sustentatur</span> <span class='ocrx_word' id='word_1_234' title='bbox 694 3578 726 3626; x_wconf 92' lang='lat' dir='ltr'>et</span> <span class='ocrx_word' id='word_1_235' title='bbox 748 3565 792 3627; x_wconf 88' lang='lat' dir='ltr'>sic</span> <span class='ocrx_word' id='word_1_236' title='bbox 814 3580 895 3648; x_wconf 94' lang='lat' dir='ltr'>quot</span> <span class='ocrx_word' id='word_1_237' title='bbox 918 3564 1096 3628; x_wconf 90' lang='lat' dir='ltr'>substantie</span> <span class='ocrx_word' id='word_1_238' title='bbox 1120 3577 1311 3626; x_wconf 86' lang='lat' dir='ltr'>convertun-</span> 
     </span>
     <span class='ocr_line' id='line_1_35' title="bbox 325 3666 1354 3752; baseline 0.003 -22"><span class='ocrx_word' id='word_1_239' title='bbox 325 3683 378 3731; x_wconf 88' lang='lat' dir='ltr'>tur</span> <span class='ocrx_word' id='word_1_240' title='bbox 400 3667 432 3730; x_wconf 90' lang='lat' dir='ltr'>in</span> <span class='ocrx_word' id='word_1_241' title='bbox 457 3687 576 3752; x_wconf 88' lang='lat' dir='ltr'>corpus</span> <span class='ocrx_word' id='word_1_242' title='bbox 601 3666 720 3732; x_wconf 91' lang='lat' dir='ltr'>Christi</span> <span class='ocrx_word' id='word_1_243' title='bbox 743 3684 791 3732; x_wconf 94' lang='lat' dir='ltr'>tot</span> <span class='ocrx_word' id='word_1_244' title='bbox 814 3669 942 3732; x_wconf 87' lang='lat' dir='ltr'>materie</span> <span class='ocrx_word' id='word_1_245' title='bbox 965 3670 1065 3751; x_wconf 87' lang='lat' dir='ltr'>prime</span> <span class='ocrx_word' id='word_1_246' title='bbox 1090 3683 1165 3732; x_wconf 89' lang='lat' dir='ltr'>sunt</span> <span class='ocrx_word' id='word_1_247' title='bbox 1188 3666 1354 3751; x_wconf 85' lang='lat' dir='ltr'>perditt3o</span> 
     </span>
    </p>
   </div>
   <div class='ocr_carea' id='block_1_13' title="bbox 322 3942 1313 4490">
    <p class='ocr_par' dir='ltr' id='par_1_13' title="bbox 322 3942 1313 4490">
     <span class='ocr_line' id='line_1_36' title="bbox 376 3942 1313 3999; baseline 0.001 -12"><span class='ocrx_word' id='word_1_248' title='bbox 376 3954 393 3999; x_wconf 86' lang='lat' dir='ltr'>t,</span> <span class='ocrx_word' id='word_1_249' title='bbox 408 3954 428 3987; x_wconf 84' lang='lat' dir='ltr'>s.</span> <span class='ocrx_word' id='word_1_250' title='bbox 445 3943 474 3986; x_wconf 87' lang='lat' dir='ltr'>B:</span> <span class='ocrx_word' id='word_1_251' title='bbox 485 3947 590 3999; x_wconf 78' lang='lat' dir='ltr'>pntut-</span> <span class='ocrx_word' id='word_1_252' title='bbox 604 3942 702 3987; x_wconf 78' lang='lat' dir='ltr'>materis</span> <span class='ocrx_word' id='word_1_253' title='bbox 715 3942 786 3987; x_wconf 81' lang='lat' dir='ltr'>deest.</span> <span class='ocrx_word' id='word_1_254' title='bbox 839 3955 859 3988; x_wconf 66' lang='grc' dir='ltr'>ε.</span> <span class='ocrx_word' id='word_1_255' title='bbox 875 3943 907 3987; x_wconf 85' lang='lat' dir='ltr'>D:</span> <span class='ocrx_word' id='word_1_256' title='bbox 922 3943 1066 3988; x_wconf 79' lang='lat' dir='ltr'>contendunt.</span> <span class='ocrx_word' id='word_1_257' title='bbox 1119 3942 1139 3988; x_wconf 79' lang='lat'>5.</span> <span class='ocrx_word' id='word_1_258' title='bbox 1154 3943 1188 3987; x_wconf 86' lang='lat' dir='ltr'>D:</span> <span class='ocrx_word' id='word_1_259' title='bbox 1201 3945 1313 3997; x_wconf 82' lang='lat' dir='ltr'>suscitat,-</span> 
     </span>
     <span class='ocr_line' id='line_1_37' title="bbox 323 4011 1310 4070; baseline -0.002 -12"><span class='ocrx_word' id='word_1_260' title='bbox 323 4011 355 4058; x_wconf 85' lang='lat' dir='ltr'>C:</span> <span class='ocrx_word' id='word_1_261' title='bbox 373 4011 638 4068; x_wconf 64' lang='lat' dir='ltr'>susciperemus&amp;</span> <span class='ocrx_word' id='word_1_262' title='bbox 657 4011 951 4058; x_wconf 75' lang='lat' dir='ltr'>transsubstantiationem.</span> <span class='ocrx_word' id='word_1_263' title='bbox 1022 4014 1044 4058; x_wconf 84' lang='lat' dir='ltr'>ti.</span> <span class='ocrx_word' id='word_1_264' title='bbox 1059 4012 1092 4056; x_wconf 84' lang='lat' dir='ltr'>ll:</span> <span class='ocrx_word' id='word_1_265' title='bbox 1112 4018 1310 4070; x_wconf 81' lang='lat' dir='ltr'>corrumperetur.</span> 
     </span>
     <span class='ocr_line' id='line_1_38' title="bbox 322 4080 1311 4141; baseline 0.001 -14"><span class='ocrx_word' id='word_1_266' title='bbox 322 4095 344 4136; x_wconf 85' lang='lat'>7.</span> <span class='ocrx_word' id='word_1_267' title='bbox 355 4080 452 4127; x_wconf 75' lang='lat' dir='ltr'>ABCD:</span> <span class='ocrx_word' id='word_1_268' title='bbox 466 4082 642 4138; x_wconf 67' lang='lat' dir='ltr'>corrumpam,-</span> <span class='ocrx_word' id='word_1_269' title='bbox 654 4081 686 4126; x_wconf 88' lang='lat' dir='ltr'>ib.</span> <span class='ocrx_word' id='word_1_270' title='bbox 697 4081 716 4127; x_wconf 89' lang='lat' dir='ltr'><em>C</em></span> <span class='ocrx_word' id='word_1_271' title='bbox 726 4083 750 4126; x_wconf 89' lang='lat' dir='ltr'>in</span> <span class='ocrx_word' id='word_1_272' title='bbox 760 4082 783 4126; x_wconf 87' lang='lat' dir='ltr'>in</span> <span class='ocrx_word' id='word_1_273' title='bbox 794 4095 866 4139; x_wconf 80' lang='lat' dir='ltr'>marg.</span> <span class='ocrx_word' id='word_1_274' title='bbox 878 4083 922 4127; x_wconf 88' lang='lat' dir='ltr'>alia</span> <span class='ocrx_word' id='word_1_275' title='bbox 932 4095 1010 4127; x_wconf 86' lang='lat' dir='ltr'>manu.</span> <span class='ocrx_word' id='word_1_276' title='bbox 1061 4082 1089 4128; x_wconf 79' lang='lat' dir='ltr'>ri.</span> <span class='ocrx_word' id='word_1_277' title='bbox 1101 4083 1134 4127; x_wconf 86' lang='lat' dir='ltr'>D:</span> <span class='ocrx_word' id='word_1_278' title='bbox 1149 4083 1311 4141; x_wconf 55' lang='lat' dir='ltr'>diffinitivum</span> 
     </span>
     <span class='ocr_line' id='line_1_39' title="bbox 323 4151 1311 4211; baseline 0.001 -14"><span class='ocrx_word' id='word_1_279' title='bbox 323 4152 343 4197; x_wconf 88' lang='lat' dir='ltr'>C</span> <span class='ocrx_word' id='word_1_280' title='bbox 357 4151 470 4196; x_wconf 88' lang='lat' dir='ltr'>correxit:</span> <span class='ocrx_word' id='word_1_281' title='bbox 485 4151 657 4208; x_wconf 78' lang='lat' dir='ltr'>disposicione‚·</span> <span class='ocrx_word' id='word_1_282' title='bbox 675 4151 705 4195; x_wconf 83' lang='lat' dir='ltr'>B:</span> <span class='ocrx_word' id='word_1_283' title='bbox 719 4151 865 4209; x_wconf 75' lang='lat' dir='ltr'>diffinitione</span> <span class='ocrx_word' id='word_1_284' title='bbox 879 4154 916 4197; x_wconf 87' lang='lat' dir='ltr'>uel</span> <span class='ocrx_word' id='word_1_285' title='bbox 927 4153 1097 4209; x_wconf 66' lang='lat' dir='ltr'>disposition,-</span> <span class='ocrx_word' id='word_1_286' title='bbox 1114 4156 1148 4199; x_wconf 79' lang='lat' dir='ltr'>A:</span> <span class='ocrx_word' id='word_1_287' title='bbox 1163 4153 1311 4211; x_wconf 64' lang='lat' dir='ltr'>diffinitione</span> 
     </span>
     <span class='ocr_line' id='line_1_40' title="bbox 322 4220 1309 4278; baseline 0.002 -12"><span class='ocrx_word' id='word_1_288' title='bbox 322 4222 386 4266; x_wconf 81' lang='lat' dir='ltr'>ulios</span> <span class='ocrx_word' id='word_1_289' title='bbox 411 4221 578 4278; x_wconf 81' lang='lat' dir='ltr'>disposicione.</span> <span class='ocrx_word' id='word_1_290' title='bbox 686 4233 717 4275; x_wconf 79' lang='lat'>¹4·</span> <span class='ocrx_word' id='word_1_291' title='bbox 745 4220 838 4266; x_wconf 79' lang='lat' dir='ltr'>ABCb&#39;:</span> <span class='ocrx_word' id='word_1_292' title='bbox 869 4224 974 4275; x_wconf 64' lang='lat' dir='ltr'>ruriam,-</span> <span class='ocrx_word' id='word_1_293' title='bbox 1004 4223 1036 4267; x_wconf 85' lang='lat' dir='ltr'>ib.</span> <span class='ocrx_word' id='word_1_294' title='bbox 1064 4223 1134 4268; x_wconf 68' lang='lat' dir='ltr'>lictis</span> <span class='ocrx_word' id='word_1_295' title='bbox 1162 4235 1209 4268; x_wconf 87' lang='lat' dir='ltr'>non</span> <span class='ocrx_word' id='word_1_296' title='bbox 1237 4224 1309 4268; x_wconf 69' lang='lat' dir='ltr'>deust.</span> 
     </span>
     <span class='ocr_line' id='line_1_41' title="bbox 324 4289 1313 4351; baseline 0.003 -17"><span class='ocrx_word' id='word_1_297' title='bbox 324 4304 356 4346; x_wconf 73' lang='lat'>14,</span> <span class='ocrx_word' id='word_1_298' title='bbox 370 4289 399 4335; x_wconf 77' lang='lat' dir='ltr'>rs.</span> <span class='ocrx_word' id='word_1_299' title='bbox 419 4290 453 4335; x_wconf 86' lang='lat' dir='ltr'>D:</span> <span class='ocrx_word' id='word_1_300' title='bbox 468 4290 719 4347; x_wconf 79' lang='lat' dir='ltr'>proportionabiliter.</span> <span class='ocrx_word' id='word_1_301' title='bbox 804 4294 834 4336; x_wconf 80' lang='lat' dir='ltr'>ro.</span> <span class='ocrx_word' id='word_1_302' title='bbox 855 4293 885 4336; x_wconf 82' lang='lat' dir='ltr'>B:</span> <span class='ocrx_word' id='word_1_303' title='bbox 904 4293 1069 4351; x_wconf 57' lang='lat' dir='ltr'>quoacunque·</span> <span class='ocrx_word' id='word_1_304' title='bbox 1087 4293 1118 4339; x_wconf 87' lang='lat' dir='ltr'>ib.</span> <span class='ocrx_word' id='word_1_305' title='bbox 1132 4293 1229 4339; x_wconf 78' lang='lat' dir='ltr'><strong>ABCE:</strong></span> <span class='ocrx_word' id='word_1_306' title='bbox 1247 4293 1313 4338; x_wconf 72' lang='lat' dir='ltr'>nodi</span> 
     </span>
     <span class='ocr_line' id='line_1_42' title="bbox 323 4358 1311 4409; baseline 0.003 -5"><span class='ocrx_word' id='word_1_307' title='bbox 323 4361 395 4405; x_wconf 82' lang='lat' dir='ltr'>deest.</span> <span class='ocrx_word' id='word_1_308' title='bbox 458 4358 491 4405; x_wconf 73' lang='lat'>18.</span> <span class='ocrx_word' id='word_1_309' title='bbox 506 4359 603 4406; x_wconf 72' lang='lat' dir='ltr'>auct:</span> <span class='ocrx_word' id='word_1_310' title='bbox 621 4372 675 4404; x_wconf 83' lang='lat' dir='ltr'>nunt</span> <span class='ocrx_word' id='word_1_311' title='bbox 688 4360 760 4407; x_wconf 83' lang='lat' dir='ltr'>nulla.</span> <span class='ocrx_word' id='word_1_312' title='bbox 826 4360 859 4406; x_wconf 76' lang='lat' dir='ltr'>ai.</span> <span class='ocrx_word' id='word_1_313' title='bbox 874 4362 904 4406; x_wconf 86' lang='lat' dir='ltr'>E:</span> <span class='ocrx_word' id='word_1_314' title='bbox 923 4361 1116 4408; x_wconf 76' lang='lat' dir='ltr'>introduceretur.</span> <span class='ocrx_word' id='word_1_315' title='bbox 1185 4362 1218 4409; x_wconf 79' lang='lat'>25.</span> <span class='ocrx_word' id='word_1_316' title='bbox 1233 4362 1266 4407; x_wconf 86' lang='lat' dir='ltr'>D:</span> <span class='ocrx_word' id='word_1_317' title='bbox 1280 4375 1311 4408; x_wconf 80' lang='lat' dir='ltr'>es</span> 
     </span>
     <span class='ocr_line' id='line_1_43' title="bbox 322 4429 1261 4490; baseline 0.004 -16"><span class='ocrx_word' id='word_1_318' title='bbox 322 4431 367 4474; x_wconf 74' lang='lat' dir='ltr'>titi</span> <span class='ocrx_word' id='word_1_319' title='bbox 378 4431 402 4475; x_wconf 87' lang='lat' dir='ltr'>in</span> <span class='ocrx_word' id='word_1_320' title='bbox 417 4437 494 4483; x_wconf 75' lang='lat' dir='ltr'>textu3</span> <span class='ocrx_word' id='word_1_321' title='bbox 512 4441 543 4473; x_wconf 82' lang='lat' dir='ltr'>ex</span> <span class='ocrx_word' id='word_1_322' title='bbox 555 4430 601 4474; x_wconf 85' lang='lat' dir='ltr'>tait</span> <span class='ocrx_word' id='word_1_323' title='bbox 613 4429 637 4474; x_wconf 90' lang='lat' dir='ltr'>in</span> <span class='ocrx_word' id='word_1_324' title='bbox 652 4441 726 4485; x_wconf 70' lang='lat' dir='ltr'>marg.</span> <span class='ocrx_word' id='word_1_325' title='bbox 779 4441 815 4487; x_wconf 84' lang='lat'>²9·</span> <span class='ocrx_word' id='word_1_326' title='bbox 830 4431 862 4476; x_wconf 83' lang='lat' dir='ltr'>u:</span> <span class='ocrx_word' id='word_1_327' title='bbox 879 4433 988 4490; x_wconf 80' lang='lat' dir='ltr'>antique,·</span> <span class='ocrx_word' id='word_1_328' title='bbox 1006 4433 1037 4478; x_wconf 86' lang='lat' dir='ltr'>ib.</span> <span class='ocrx_word' id='word_1_329' title='bbox 1053 4430 1105 4477; x_wconf 80' lang='lat' dir='ltr'>cu:</span> <span class='ocrx_word' id='word_1_330' title='bbox 1124 4435 1261 4479; x_wconf 82' lang='lat' dir='ltr'>suscitatur.</span> 
     </span>
    </p>
   </div>
   <div class='ocr_carea' id='block_1_14' title="bbox 0 0 1528 4920">
    <p class='ocr_par' dir='ltr' id='par_1_14' title="bbox 0 0 1528 4920">
     <span class='ocr_line' id='line_1_44' title="bbox 0 0 1528 4920; baseline 0 1"><span class='ocrx_word' id='word_1_331' title='bbox 0 0 1528 4920; x_wconf 95' lang='lat' dir='ltr'> </span> 
     </span>
    </p>
   </div>
  </div>
 </body>
</html>
