3046 4920
654 471 823 523 JOHANle
842 471 981 524 WYthF
1191 455 1273 548 [car.
1287 465 1306 510 t.

322 625 362 689 Et
391 626 437 688 sic
466 646 504 688 ex
534 629 640 691 verbis
665 628 784 692 Christi
813 647 845 693 et
873 633 922 694 sui
955 632 1102 713 discipuli
1131 635 1306 713 Augustini

321 731 381 793 tria
406 733 564 795 notabilia
587 747 663 793 sunt
687 735 837 815 notanda,
861 736 967 816 primo
990 736 1077 818 quod
1098 754 1172 798 caro
1185 735 1307 799 Christi

320 850 352 899 et
384 837 516 920 sanguis
548 837 653 898 solum
687 837 893 918 spiritualiter
926 841 1028 902 solent
1056 840 1197 921 comedi3
1233 860 1307 902 nam

320 941 408 1003 Deus
442 940 606 1003 ordinavit
639 940 821 1003 eternaliter
853 944 939 1024 quod
971 954 1103 1007 sanctus
1133 963 1215 1007 suus
1245 962 1307 1004 noir

320 1043 442 1106 videret
470 1043 715 1124 corrupcionem
745 1046 774 1104 in
805 1045 914 1127 aliquo
943 1050 1089 1110 membro
1116 1068 1185 1111 suo.
1220 1049 1337 1110 Patet5

321 1149 465 1211 secundo
504 1149 592 1231 quod
632 1167 689 1209 nec
729 1148 827 1210 bestia
861 1168 918 1210 nec
949 1150 1104 1231 prescitus
1137 1154 1310 1214 manducat

320 1254 365 1315 sic
389 1272 508 1334 corpus
526 1251 658 1333 Christi,
682 1252 756 1314 licet
779 1254 951 1315 manducet
975 1256 1185 1337 corporaliter
1207 1276 1308 1318 sacra·

321 1372 480 1419 mentum.
516 1358 557 1419 Et
585 1370 675 1439 patet
704 1358 804 1419 tercio
832 1357 912 1419 mira
945 1359 1103 1421 subtilitas
1136 1362 1309 1422 verborum

321 1462 465 1524 doctoris
504 1481 568 1544 qua
609 1462 687 1523 dicit
728 1482 791 1524 non
829 1463 917 1544 quod
956 1462 1108 1544 indignus
1146 1464 1312 1526 visibiliter

321 1567 439 1650 premit
466 1566 619 1628 dentibus
647 1584 762 1648 corpus
786 1566 904 1630 Christi
935 1568 990 1628 sed
1021 1567 1109 1650 quod
1142 1568 1352 1630 visibiliteru

322 1672 438 1756 premit
478 1671 630 1733 dentibus
669 1685 905 1735 sacramentum
946 1672 1089 1754 corporis
1122 1671 1242 1734 Christi
1281 1687 1311 1734 et

322 1776 499 1858 sanguinis.
525 1776 606 1837 lllud
630 1777 715 1838 enim
740 1790 974 1839 sacramentum
999 1776 1090 1840 valde
1105 1776 1312 1860 distinguitur

322 1905 338 1945 a
364 1900 501 1964 corpore
526 1879 645 1942 Christi
669 1882 756 1962 quod
782 1895 829 1943 est
853 1901 901 1942 res
925 1881 1020 1943 huius
1044 1883 1244 1944 sacramenti.

367 1986 464 2050 Unde
481 1986 621 2047 notanda
639 2000 685 2046 est
702 1983 881 2047 differentia
897 2005 992 2068 quarn
1007 1986 1098 2067 ponit
1110 1985 1310 2068 Augustinus

323 2094 406 2154 inter
440 2110 530 2153 esum
567 2090 727 2151 carnalem
762 2105 793 2152 et
825 2090 1033 2172 spiritualem.
1073 2092 1154 2152 Nanr
1189 2091 1219 2152 in
1252 2093 1351 2152 esuri

323 2197 444 2260 carnali
470 2208 651 2258 comestum
670 2195 753 2255 cedit
770 2196 801 2257 in
819 2196 1052 2257 nutrimentum
1078 2196 1211 2277 edentis,
1235 2216 1309 2257 cunr

324 2302 484 2363 inbibitur
508 2299 576 2362 eius
600 2299 763 2362 membris.
790 2300 822 2360 ln
841 2300 1036 2362 comestione
1057 2320 1131 2361 vero
1151 2300 1307 2382 spirituali

323 2421 371 2469 est
389 2419 531 2486 econtra,
556 2422 631 2464 curu
647 2404 818 2466 comedens
836 2424 953 2486 corpus
966 2403 1085 2466 Christi
1105 2403 1309 2486 spiritualiter

322 2509 435 2572 exhinc
461 2510 684 2588 incorporatur
706 2509 859 2569 membris
882 2508 1009 2570 ecclesie
1039 2522 1071 2570 et
1098 2508 1141 2570 sic
1163 2507 1309 2586 Christo;

324 2628 490 2676 comestus
514 2627 622 2673 autem
648 2611 858 2692 spiritualiter
882 2627 1010 2694 superat
1034 2614 1265 2674 comedentem.
1323 2633 1351 2667 α(

124 2727 294 2825 Tssflsffldffosss
370 2719 436 2780 Nec
471 2719 578 2779 valent
612 2718 739 2796 argucie
772 2732 802 2776 et
835 2715 948 2777 fictitie
981 2717 1160 2799 sompniate
1198 2731 1309 2778 contra

158 2835 262 2912 attribu
326 2825 420 2885 istam
451 2822 658 2884 sentenciam.
699 2829 847 2902 Arguunt
881 2824 964 2882 enim
998 2824 1127 2904 quidam
1158 2822 1256 2904 quod,
1285 2823 1310 2881 si

157 2894 258 2940 ‘mm'
325 2930 425 2989 homo
459 2926 555 2989 sentit
591 2926 767 3001 hominem,
800 2928 877 2986 dum
908 2929 1003 2987 sentit
1032 2928 1099 2988 eius
1123 2928 1310 2987 indumenta

325 3054 361 3094 ex
397 3048 489 3094 motu
525 3031 589 3092 vite
623 3032 751 3093 latentis
785 3031 985 3111 intrinsecus,
1018 3032 1105 3113 quod
1139 3052 1194 3112 per
1228 3033 1310 3092 idem

325 3138 421 3199 sentit
456 3157 574 3218 corpus
597 3134 726 3209 Christi,
766 3138 842 3196 dum
878 3139 972 3198 sentit
1007 3152 1241 3198 sacramentum
1275 3141 1350 3197 exa?

327 3244 395 3304 eius
422 3243 581 3302 mocione.
608 3240 671 3302 Sed
696 3242 753 3301 ista
779 3243 905 3321 argutia
932 3243 1103 3323 procedens
1128 3261 1182 3322 per
1206 3243 1309 3302 locum

325 3371 341 3408 a
367 3347 463 3408 simili
489 3361 638 3426 argueret
663 3348 749 3427 quod
775 3347 872 3406 homo
899 3347 984 3407 videt
1003 3349 1105 3407 Deurn
1124 3362 1154 3406 et
1171 3348 1310 3406 animam

325 3467 355 3513 et
373 3453 418 3512 sic
435 3452 474 3512 de
491 3451 635 3532 qualibet
652 3450 793 3532 quinque
810 3450 1045 3529 sensacionum,
1070 3452 1200 3532 quando
1217 3452 1311 3511 sentit

325 3557 509 3618 subiectum
533 3575 571 3616 ex
595 3575 707 3617 eorum
731 3557 878 3616 tnocione
902 3555 988 3616 vitali
1015 3554 1192 3617 intrinseca.

369 3660 571 3723 Conceditur
600 3680 678 3741 ergo
702 3662 789 3742 quod
814 3660 970 3741 contingit
995 3661 1109 3721 sentire
1132 3661 1350 3722 subiecturus<

326 3787 382 3847 per
420 3765 568 3827 accidens
603 3766 702 3826 ruodo
734 3785 800 3846 quo
833 3764 957 3844 dicitur,
988 3766 1042 3824 sed
1076 3779 1150 3825 tunc
1184 3780 1311 3846 oportet

325 3891 457 3932 sensum
483 3890 690 3931 communem
716 3870 763 3929 vel
788 3869 925 3950 aliquem
951 3890 1079 3930 sensum
1104 3869 1311 3931 intrinsecum

376 4086 397 4118 2.
426 4075 458 4118 C:
487 4076 550 4131 quod
572 4075 595 4116 in
619 4085 692 4127 marg.
716 4075 758 4116 alin
783 4086 861 4117 nrnnu.
941 4073 960 4117 3.
990 4074 1021 4116 n:
1048 4079 1102 4115 surr!
1128 4074 1220 4122 eurardi.
1249 4086 1310 4116 netur.

326 4159 357 4199 ro,
379 4158 403 4189 rr.
425 4145 501 4189 Alte:
523 4157 608 4199 corpus
628 4144 719 4186 Clrrr'slr'
736 4168 757 4175 -
778 4145 883 4186 dentibus
904 4146 974 4186 deest.
1056 4156 1087 4197 ru.
1109 4143 1140 4186 ll:
1161 4156 1191 4185 er·
1208 4144 1313 4190 lanariae.-

325 4216 356 4257 ib.
373 4215 426 4258 All:
448 4215 544 4257 ecch-sie
563 4214 638 4260 deest:
661 4213 680 4256 C
699 4216 721 4255 in
742 4226 814 4267 ntnrg.
830 4215 872 4255 ullu
889 4226 965 4255 multu.
1046 4224 1078 4255 τε.
1095 4212 1191 4256 AllCll:
1213 4213 1312 4267 qin'aem.

325 4285 356 4328 25.
369 4285 398 4327 E:
414 4297 465 4327 eum
476 4285 553 4327 sentit.
600 4282 629 4326 31.
641 4283 672 4326 C:
687 4289 779 4338 oporte!
794 4285 816 4326 in
829 4296 900 4335 marg.
911 4285 954 4324 alia
966 4296 1044 4325 rnarru.
1086 4281 1119 4325 32.
1132 4283 1164 4325 ll:
1180 4284 1216 4325 ael
1228 4284 1312 4325 ουτω.

379 4427 404 4472 4.
425 4411 523 4459 Psalm.
543 4410 599 4470 XV,
617 4425 656 4458 ro.
