3046 4920
647 461 818 517 tonnnnts
835 462 977 517 wrcen
1177 444 1306 537 [canu.

317 618 639 703 l’rtripnrriunorum,
671 640 754 707 quoa
781 620 980 707 Auunrtinur
1011 620 1123 685 recitat
1154 620 1188 685 in
1220 622 1306 685 libro

316 744 377 791 ruo
407 726 449 791 de
480 724 647 791 hereaibur
677 726 795 791 dixitne
826 740 975 793 naturam
1006 724 1151 791 divinam
1181 738 1214 790 et
1245 744 1304 811 per

316 850 518 917 conaequene
539 843 666 915 patrem
686 830 766 913 pati.
1282 842 1285 849 '

359 937 446 1002 Cum
462 934 551 1001 enim
566 935 624 999 hec
640 934 820 1019 predicatio
835 936 878 1003 rit
891 934 1045 1015 lormnlir,
1067 954 1185 1001 manua
1198 948 1306 1001 eterne

317 1042 375 1107 Dei
404 1052 495 1106 erent
521 1058 614 1125 pene
641 1040 674 1103 in
701 1058 804 1123 eruce,
835 1052 926 1124 patet
951 1042 1041 1125 quod
1068 1048 1331 1126 conrequenter5

314 1145 448 1213 concedi
474 1158 607 1229 oportet
631 1144 723 1229 quod
750 1144 852 1209 virtue
877 1164 992 1230 ymmo
1014 1145 1135 1230 digitur
1157 1144 1217 1210 Dei
1246 1146 1304 1231 qni

315 1264 365 1315 eat
379 1248 518 1333 spiritur
532 1248 670 1315 Sanctua
685 1248 916 1315 extendebatur
936 1265 968 1314 et
989 1248 1186 1334 paciebatur,
1212 1266 1244 1315 et
1258 1250 1305 1315 aie

315 1368 430 1421 nature
453 1356 604 1435 increata,
626 1354 786 1439 potencia,
809 1352 912 1421 virtue
933 1369 966 1422 et
993 1354 1130 1438 bonitea,
1160 1355 1306 1419 racionea

315 1458 514 1545 exemplaret
545 1472 578 1525 et
608 1460 690 1545 ydee
722 1457 830 1525 lorent
860 1460 1047 1545 ptipebiler,
1080 1474 1113 1525 et
1144 1458 1190 1525 aie
1223 1457 1306 1523 loret

315 1564 464 1632 conlurio
478 1585 693 1651 pereonurum
714 1581 747 1631 et
760 1578 960 1649 naturarum,
975 1584 1050 1633 cnm
1066 1565 1174 1631 omnir
1189 1578 1306 1629 natura
1320 1586 1352 1623 ro

316 1672 399 1737 toret
420 1670 589 1737 sensibilia.

106 1803 219 1901 εχςἯιι·
232 1803 294 1848 cmm
360 1774 452 1859 Item,
482 1775 510 1841 ri
544 1796 583 1841 ex
613 1775 802 1841 auctoritate
831 1774 988 1859 reriptnre
1015 1774 1090 1842 lieet
1118 1773 1307 1840 huiuamodi

136 1860 168 1903 Μ
190 1862 268 1914 prun.
316 1880 541 1945 conclusioner
562 1892 763 1964 extorquere,
787 1878 947 1963 peridem
964 1878 1209 1944 concedendum
1225 1876 1309 1942 toret

315 1984 405 2070 quod
413 1984 501 2049 Dens
516 1997 592 2048 ente
608 1982 722 2048 mnndi
736 1981 1006 2048 constitucionem
1021 1996 1053 2047 et
1067 1983 1112 2046 ric
1128 1981 1309 2047 eternaliter

315 2086 481 2155 infinitum
510 2084 586 2173 plur
613 2086 647 2150 in
674 2086 770 2153 corde
792 2086 833 2151 de
855 2086 948 2151 valde
970 2087 1058 2151 bono
1080 2086 1185 2151 doluit
1206 2092 1351 2172 quam15

315 2193 425 2257 dolere
440 2192 549 2277 potuit
561 2192 670 2277 eliqua
684 2203 837 2274 ereetum,
851 2191 928 2275 quia
943 2190 1058 2257 Genea.
1069 2190 1140 2274 lll0,
1155 2191 1175 2254 6
1192 2191 1310 2253 dicitur

315 2297 406 2381 quod
424 2297 511 2361 Deus
534 2307 638 2361 tectus
660 2296 772 2359 dolore
794 2294 902 2360 cordis
918 2293 1107 2360 intrinsecus
1122 2293 1203 2359 dixit
1218 2295 1309 2379 quod

311 2402 450 2485 penituit
464 2419 539 2466 enm
553 2398 680 2483 secisse
699 2400 878 2480 hominem
898 2412 930 2464 et
944 2397 989 2463 ric
1004 2398 1170 2463 habuisset
1185 2396 1310 2463 infinita

316 2506 461 2569 membru
492 2503 618 2570 infinite
648 2517 680 2568 et
713 2505 894 2569 eternaliter
922 2503 1090 2586 dolorum
1122 2518 1198 2566 num
1224 2503 1309 2567 aient

317 2610 498 2673 eternaliter
520 2608 611 2672 novit
633 2622 800 2693 peccatum
823 2608 977 2689 hominis,
1001 2606 1047 2672 ric
1069 2606 1252 2672 eternaliter
1274 2606 1307 2668 in
1320 2632 1352 2669 ιο

317 2715 412 2776 corde
444 2713 549 2777 doluit
579 2713 619 2776 de
651 2713 777 2792 eodem,
809 2713 885 2796 quin
915 2711 948 2775 in
981 2712 1076 2774 corde
1111 2725 1214 2774 tuctus
1247 2709 1308 2774 luit

319 2819 449 2899 dolore;
477 2833 509 2881 et
532 2836 608 2879 cum
632 2835 688 2899 per
711 2835 765 2879 cor
788 2815 972 2894 intelligitur
994 2816 1080 2879 Deus
1103 2815 1199 2879 Pater
1221 2816 1309 2878 iuxta

318 2922 398 2986 illud
419 2921 538 2985 Psalmi
561 2921 690 3002 xttvo,
713 2935 747 2985 2:
770 2920 942 2984 Eructavit
963 2939 1021 2983 cor
1044 2940 1149 2983 ntenm
1173 2920 1307 2982 verbnm

319 3028 452 3107 bonum,
479 3027 606 3089 videtur
635 3026 722 3110 quod
751 3025 932 3089 eternaliter
959 3025 1064 3088 doluit
1091 3023 1179 3087 Deus
1202 3024 1309 3104 Pater3

319 3145 351 3194 et
378 3144 504 3195 constat
526 3130 616 3213 quod
646 3130 732 3193 nullu
760 3142 901 3192 creature
929 3143 1035 3212 potest
1061 3126 1221 3212 parificari
1248 3127 1352 3193 sibim

319 3233 351 3297 in
375 3234 496 3317 dolore,
519 3233 603 3297 sicut
626 3252 683 3297 nec
706 3235 739 3296 in
762 3232 879 3297 noticia
904 3232 955 3295 vel
977 3232 1161 3298 effectione.

362 3340 402 3401 Et
434 3354 593 3422 quantum
628 3338 667 3400 ud
697 3337 885 3401 infinitatem
916 3339 1148 3415 membrorum,
1178 3350 1213 3398 ut
1241 3355 1307 3397 rnu-

320 3463 435 3525 nuum,
458 3442 637 3527 digitorum
655 3443 704 3506 vel
721 3443 833 3507 talium
850 3462 913 3527 que
930 3457 1034 3525 preter
1049 3441 1308 3524 personalitatem

373 3661 390 3693 ι.
404 3648 435 3693 u:
451 3648 535 3694 recito.
587 3648 607 3693 5.
622 3647 654 3693 C:
670 3648 717 3693 Dn'
727 3648 750 3692 in
765 3659 839 3703 marg.
851 3647 895 3692 nlin
906 3659 984 3691 mnnu.
1038 3647 1061 3692 ti.
1076 3647 1109 3692 tt:
1125 3649 1309 3699 concedendum

320 3720 352 3764 it.
367 3719 399 3764 C:
414 3718 513 3763 conteni
523 3719 606 3771 deden·
619 3717 650 3762 ib.
660 3718 714 3762 nn:
724 3729 804 3773 ymmo
818 3718 890 3762 duent.
943 3729 964 3774 7.
979 3716 1009 3762 E:
1023 3718 1059 3762 εὴ·
1071 3717 1144 3762 deest.
1200 3719 1222 3773 8,
1233 3731 1257 3774 o.
1271 3720 1306 3763 A:

320 3789 430 3834 rnctoner
437 3788 614 3845 extonpmnuin
623 3800 695 3845 marg.
704 3787 749 3832 alin
757 3800 835 3832 manu.
876 3789 909 3832 ni.
918 3788 950 3832 n:
959 3787 1009 3832 ‹ttr'o
1016 3791 1141 3839 ereetum,-
1150 3787 1181 3832 ib.
1191 3788 1209 3832 ll
1218 3803 1224 3832 z
1235 3789 1265 3833 de
1276 3787 1309 3832 l'l.

321 3870 351 3913 ¹7·
367 3859 420 3902 nn:
440 3858 502 3903 dixit
520 3859 599 3911 deoat3
619 3857 639 3903 C
660 3859 684 3903 in
705 3871 779 3915 marg.
793 3858 838 3903 nliu
853 3870 936 3910 manin
955 3856 986 3902 E:
1006 3856 1066 3901 dixit
1083 3857 1148 3914 quod
1160 3859 1308 3914 penttntrret.

321 3940 354 3984 tn,
370 3938 405 3972 ro.
420 3927 517 3973 nucu:
535 3928 559 3973 ri
571 3928 716 3974 eternaliter.
770 3925 803 3972 ²3.
818 3927 849 3973 C:
870 3940 942 3972 meant
956 3926 1059 3979 videtum
1072 3927 1155 3971 tonent
1169 3927 1243 3971 deest.

378 4069 399 4103 ι.
422 4054 451 4105 Ιιι
473 4054 541 4105 libro
563 4057 590 4106 S.
609 4055 748 4121 Augustini
767 4056 806 4105 Do
825 4053 982 4105 lineresibus
1005 4053 1047 4104 hic
1065 4053 1140 4104 locus
1159 4069 1213 4104 non
1231 4065 1309 4104 extet.

321 4140 362 4191 Cl.
379 4142 491 4192 Sermon
511 4142 564 4194 l.ll.
583 4143 622 4194 De·
635 4142 706 4193 verb.
719 4158 811 4209 evang.
825 4141 915 4192 llatth.
929 4140 970 4203 lll,
989 4142 1059 4207 Opp.
1076 4152 1142 4191 tom.
1155 4142 1186 4202 V,
1204 4156 1225 4205 ι,
1245 4143 1308 4206 304:

322 4228 435 4280 tint-tate
448 4231 523 4282 nobis
535 4231 666 4296 quosdam
686 4231 757 4282 rnole
775 4230 953 4298 intelligenter
970 4229 1065 4281 vocari
1076 4229 1309 4296 Potriparsianos,

322 4320 367 4380 nn
392 4317 483 4370 dicunt
509 4319 595 4386 ipnnn
623 4320 732 4370 Patrem
761 4324 855 4369 notum
882 4331 919 4369 ex
936 4317 1055 4383 semino,
1082 4316 1168 4383 ipsum
1197 4318 1308 4368 Patrem

316 4419 428 4471 portum
