3046 4920
117 842 166 885 Nor
180 843 238 886 does·
253 844 290 887 the

131 897 195 937 uicst
212 898 280 938 lut-ak

109 948 211 991 Clitist's
228 949 297 1004 body.

108 3134 151 3177 We
167 3143 228 3177 ntust
244 3143 282 3177 trot

147 3187 242 3229 confuse

112 3239 215 3293 spiritual
232 3240 276 3281 und

155 3292 233 3347 hodily

131 3346 255 3397 rect-priori.

648 467 816 518 solaturus
838 466 975 517 wvcrtr
1194 446 1274 536 [cae.
1290 461 1308 504 1.

319 622 445 684 tualiter
476 624 525 685 vel
558 624 731 686 virtualiter
763 626 802 685 ad
835 644 968 686 omnem
1007 638 1165 705 punctum
1202 623 1307 685 hostie

319 743 516 810 consecrate,
540 728 621 789 sicut
644 727 747 788 anima
773 741 820 789 est
842 729 874 788 in
900 747 1043 809 corpore.

360 830 508 894 Secundo
547 830 691 892 obiciunt
724 851 779 911 per
810 830 872 892 hoc
904 833 994 914 quod
1028 851 1088 894 nos
1126 829 1307 892 sacerdotes

319 933 495 1017 frangimus
520 954 634 1016 corpus
656 932 774 995 Christi
798 950 830 997 et
852 956 908 1016 per
931 935 1018 996 idem
1041 950 1148 1017 caput,
1173 934 1305 1010 collum,

318 1037 497 1100 brachiaet
521 1037 646 1119 singula
669 1036 737 1098 eius
761 1040 920 1116 membra3
944 1041 1035 1121 quod
1060 1038 1141 1101 foret
1166 1038 1331 1101 maxime5

319 1141 472 1203 horribile
495 1139 596 1202 facere
620 1141 688 1202 Deo
712 1155 831 1203 nostro.

360 1244 423 1306 Sed
455 1264 513 1305 nos
547 1243 777 1326 respondemus
805 1244 891 1306 iuxta
919 1243 1020 1306 fidem
1052 1246 1193 1327 priorem
1216 1248 1306 1328 quod

316 1347 485 1411 infideliter
517 1347 633 1410 falsum
665 1362 843 1422 assumunt,
883 1368 958 1410 cum
991 1348 1169 1431 frangimus
1202 1368 1304 1412 sacra·

315 1468 460 1515 mentum
477 1453 526 1514 vel
547 1453 685 1515 hostiam
709 1468 936 1526 consecratam,
962 1473 1028 1515 non
1053 1467 1162 1516 autem
1186 1472 1305 1536 corpus

315 1555 442 1642 Christi,
486 1577 559 1620 cum
602 1556 851 1640 distinguuntur,
898 1557 981 1620 sicut
1019 1577 1086 1619 non
1127 1556 1304 1637 frangimus
1319 1576 1342 1612 κ

316 1660 441 1723 radium
477 1661 565 1740 solis,
602 1661 673 1723 licet
707 1661 890 1742 frangamus
922 1661 1042 1725 vitrum
1075 1663 1123 1723 vel
1164 1661 1305 1744 lapidem

313 1765 529 1831 cristallinum.
555 1765 594 1827 Et
619 1766 675 1827 hec
699 1765 827 1828 videtur
849 1765 1012 1828 sentencia
1035 1779 1148 1828 cantus
1172 1765 1304 1827 ecclesie

313 1888 379 1952 quo
403 1868 540 1932 canitur:

522 1974 642 2034 Fracto
665 1973 795 2035 deinum
818 1983 1026 2036 sacramento

564 2077 636 2138 Non
662 2077 791 2140 vacilles
813 2078 873 2141 sed
896 2090 1054 2141 memento

525 2185 660 2244 Tantum
685 2201 753 2244 esse
775 2183 835 2245 sub
848 2183 1048 2266 fragmento

567 2286 730 2360 Quantum
755 2297 819 2348 toto
842 2289 973 2370 tegitur.

356 2392 442 2454 Cum
466 2411 542 2472 ergo
567 2411 679 2472 negare
697 2411 760 2452 non
778 2411 951 2472 possumus
968 2393 1046 2475 quin
1064 2407 1302 2455 sacramentum

313 2495 484 2579 frangatur,
518 2510 553 2557 ut
586 2496 677 2556 docet
711 2513 787 2556 usus
820 2495 959 2572 ecclesie,
994 2512 1025 2559 et
1055 2516 1167 2558 sensus
1198 2496 1301 2558 forent

311 2601 399 2662 aliter
423 2599 507 2662 illusi
531 2619 568 2661 ex
591 2598 786 2679 sophismate
811 2599 959 2678 veritatis,
985 2615 1016 2662 et
1041 2621 1157 2682 corpus
1181 2598 1342 2661 Christian

312 2725 376 2766 non
395 2704 557 2787 frangitur,
578 2703 783 2766 manifestum
799 2718 846 2765 cst
862 2706 950 2787 quod
967 2704 1046 2766 illud
1063 2720 1298 2767 sacramentum

310 2810 398 2891 quod
431 2808 592 2890 frangitur,
626 2829 690 2868 non
719 2822 765 2869 est
795 2828 910 2890 corpus
936 2808 1068 2887 Christi,
1102 2809 1178 2891 quia
1208 2808 1299 2870 aliter

311 2913 454 2996 querenti
488 2914 564 2995 quid
600 2911 754 2994 frangitur
787 2912 892 2974 minus
921 2933 994 2974 vere
1023 2912 1181 2974 diceretur
1209 2915 1297 2995 quod

312 3038 426 3099 corpus
451 3016 585 3079 Christi:
619 3017 694 3099 quid
724 3017 809 3077 enim
838 3016 942 3098 querit
966 3019 1004 3078 de
1029 3016 1212 3079 substancia
1242 3017 1297 3078 rei.

354 3122 470 3184 Tercio
500 3121 641 3183 obiciunt
669 3142 725 3203 per
752 3122 813 3182 hoc
837 3123 924 3203 quod
952 3122 1010 3182 nisi
1036 3142 1153 3203 corpus
1179 3121 1296 3184 Christi
1311 3128 1342 3177 25

312 3225 393 3288 foret
426 3226 530 3287 hostia
565 3240 755 3300 consecrata,
789 3245 847 3287 nos
879 3246 943 3286 non
969 3226 1152 3287 videremus
1181 3245 1298 3306 corpus

311 3331 430 3393 Christi
456 3350 512 3392 nec
529 3332 781 3408 comederemus,
807 3331 888 3392 sicut
905 3351 962 3392 nec
979 3333 1073 3393 dente
1090 3330 1298 3409 conterimus,

310 3451 340 3498 et
372 3456 427 3517 per
457 3436 541 3497 idem
573 3456 636 3496 non
668 3452 918 3514 assumeremus,
949 3437 1039 3518 quod
1071 3434 1152 3496 foret
1185 3435 1296 3496 incon·

309 3540 439 3602 veniens
463 3539 648 3604 christianis.

358 3848 378 3893 3.
399 3850 451 3892 AB:
472 3849 501 3892 Et
520 3850 553 3891 sic
571 3848 677 3891 otientur.
766 3851 787 3892 ὃ.
808 3849 837 3891 tt:
851 3849 943 3904 salsum
963 3850 1040 3899 decan
1062 3848 1092 3890 ih.
1114 3849 1146 3891 ll:
1166 3855 1295 3892 assumant.

308 3921 339 3961 ui.
356 3919 409 3962 Ali:
423 3919 578 3975 fragmentis.
637 3920 710 3971 17.u:
730 3924 823 3974 querito.
883 3930 915 3970 ro.
932 3917 962 3962 C:
977 3919 1112 3975 sronyr'lur.
1168 3931 1198 3970 ar,
1214 3929 1247 3961 aa.
1264 3919 1295 3962 C:

306 3989 455 4044 iitttntJeslum
470 4012 494 4020 -
501 3989 628 4044 staupum
643 3989 665 4032 iu
682 4001 754 4043 niatg.
769 3989 813 4031 alia
828 4000 906 4031 mauu.
961 3990 996 4031 28.
1012 3989 1043 4031 ll:
1058 3988 1227 4031 asseverandam.

364 4234 471 4284 14-17.
502 4221 521 4268 l]
550 4219 685 4283 sequeutia
713 4220 739 4266 S.
757 4217 877 4267 Thomas
906 4219 938 4267 dc
962 4218 1082 4283 hqttino:
1112 4218 1203 4266 lauda
1231 4219 1294 4266 Sion

309 4306 480 4355 saltatorem.
509 4306 549 4355 Cf.
569 4306 668 4367 llaniel,
687 4304 767 4354 Thes.
791 4304 908 4371 hymnol.
928 4305 957 4366 ll,
976 4304 1018 4371 08.
1047 4304 1087 4353 Cf.
1112 4305 1203 4354 llanicl
1228 4306 1294 4354 Cod.

306 4394 342 4442 lit.
362 4394 452 4455 1‚122.
