3046 4920
155 423 225 470 car.
241 407 296 498 vr]
503 423 552 475 ut
570 423 817 476 POENtTENTlA.

150 583 409 669 imprudentibus
432 583 520 665 quod
544 581 603 644 iste
625 581 751 664 argucie
772 600 828 664 per
844 583 990 645 ordinem
1006 583 1146 644 saluten-

150 704 212 753 tur.
240 687 393 771 Arguitur
425 686 510 747 enim
538 704 595 768 per
620 684 699 748 illud
727 687 927 768 evangelium
955 687 1075 749 dictum
1108 688 1148 749 de

150 795 260 856 decem
282 789 434 872 leprosis:
459 789 507 851 Ite
523 799 554 851 et
569 789 724 854 ostendite
739 808 795 853 vos
809 790 1042 853 sacerdotibus.
1061 789 1147 853 Cum
1171 805 1241 866 trop
1255 807 1293 850 ua·
1307 820 1360 852 case·

149 915 225 979 ergo
254 893 403 957 Christus
441 893 550 956 omnia
590 894 665 957 talia
697 896 781 958 dictu
813 895 935 956 dixerat
967 894 999 956 in
1032 894 1143 977 figura,
1198 859 1328 967 ⁰icii¹irii¹¹

125 1000 273 1078 5videtur
296 998 384 1081 quod
407 1017 444 1059 ex
469 998 531 1060 hoc
554 999 641 1061 dicto
666 997 813 1079 figuravit
832 998 922 1080 quod
938 999 1052 1080 leprosi
1068 1013 1144 1060 sunt

148 1102 326 1187 specialiter
340 1124 359 1166 a
378 1102 596 1165 sacerdotibus
613 1101 797 1167 confitendi.
816 1102 855 1165 Et
870 1102 914 1164 sic
931 1102 1143 1165 introducitur

147 1206 383 1272 sacramentalis
422 1206 579 1269 confessio
613 1206 726 1270 usitata
759 1227 795 1268 ex
827 1207 1014 1270 auctoritate
1047 1227 1139 1268 evan·

145 1312 229 1396 gelli.
256 1311 319 1375 Sed
346 1329 404 1393 pro
432 1312 600 1373 solucione
629 1311 719 1374 istius
748 1326 876 1393 oportet
899 1332 1082 1394 supponere
1106 1312 1138 1373 in

144 1432 344 1480 sacramento
367 1414 538 1498 quomodo
561 1430 609 1478 est
632 1435 743 1479 sensus
759 1416 958 1499 quadruplex
974 1416 1139 1498 scripture,

104 1522 262 1599 1⁰scilicet
284 1519 424 1599 literalis,
445 1520 644 1602 allegoricus,
660 1522 881 1604 tropologicus
897 1537 929 1585 et
943 1541 1139 1604 anagoycus.

143 1624 287 1689 Literulis
315 1623 424 1687 autern
451 1626 630 1688 secundum
659 1625 815 1709 principia
838 1626 1012 1707 Augustini
1040 1625 1138 1688 habet

141 1749 306 1793 summam
321 1729 554 1809 auctoritatem,
570 1729 623 1792 alii
639 1745 747 1794 autem
763 1750 877 1793 sensus
894 1730 952 1792 nisi
963 1733 1002 1792 de
1013 1745 1136 1813 quanto
1149 1742 1215 1817 ‘trus
1230 1757 1355 1819 argument

124 1818 319 1897 'fundantur
351 1834 384 1895 in
415 1853 510 1896 sensu
543 1837 605 1897 isto
638 1833 800 1898 autentico
824 1836 873 1897 vel
897 1834 1060 1898 evidencia
1085 1855 1132 1897 ra·
1147 1801 1361 1905 '‘a'}⁰il·“iiir‘ii³

141 1937 253 2020 rionis,
268 1938 344 2021 quia
359 1937 449 2001 aliter
464 1938 598 2022 quilibet
618 1953 727 2022 posset
746 1939 930 2002 moralisare
945 1941 994 2001 vel
1011 1939 1135 2002 trahere
1215 1915 1292 1948 Μ

101 2041 365 2120 ¹5auctoritate111
388 2042 543 2124 scripture
566 2043 606 2105 ad
630 2063 765 2109 sensum
783 2063 880 2127 quern
897 2044 991 2106 vellet
1006 2044 1134 2124 habere,

140 2147 222 2210 sicut
250 2144 350 2210 fertur
373 2148 536 2230 quendam
561 2147 687 2210 fratrem
716 2148 884 2211 asseruisse
914 2149 1002 2231 quod
1023 2146 1136 2210 veritas

140 2253 318 2334 evangelica
334 2252 374 2314 sit
389 2270 582 2334 quecunque
600 2252 714 2315 veritas
731 2272 903 2337 perquam
919 2253 1133 2316 communitas

138 2356 306 2418 salubriter
329 2371 376 2418 est
400 2356 571 2435 hortanda;
596 2372 626 2419 et
643 2357 687 2419 sic
704 2377 778 2420 cum
795 2358 936 2440 quelibet
951 2357 1066 2420 veritas
1082 2374 1130 2421 est

136 2458 336 2540 huiusmodi,
359 2460 499 2543 quelibet
523 2461 637 2524 veritas
661 2476 708 2524 est
730 2462 844 2524 veritas
868 2461 1055 2545 evangelica.
1081 2461 1132 2524 Sic

95 2565 278 2640 ,otenendo
311 2565 500 2648 scripturam
534 2565 566 2628 in
594 2565 660 2628 suis
689 2565 855 2646 limitibus,
889 2565 1012 2629 videtur
1041 2569 1129 2649 quod

136 2668 280 2731 striccius
303 2668 344 2731 sit
365 2670 579 2752 loquendum.
605 2669 818 2733 Concedenda
842 2685 889 2733 est
905 2691 981 2753 ergo
997 2671 1129 2733 historia

135 2773 316 2855 evangelica
344 2773 526 2855 supradicta
555 2789 585 2835 et
609 2775 782 2837 dicendum
806 2776 894 2858 quod
918 2795 955 2836 ex
979 2775 1037 2838 ista
1063 2796 1126 2837 non

135 2877 269 2939 infertur
302 2877 435 2941 fideliter
467 2878 555 2960 quod
589 2878 736 2941 homines
767 2879 884 2941 debent
916 2881 947 2942 iu
981 2894 1127 2962 tempore

135 2983 239 3063 gracie
271 2982 373 3045 taliter
404 2981 558 3049 confiteri.
591 2983 652 3046 Sed
685 2983 736 3046 hic
769 2982 893 3046 videtur
921 2984 1126 3066 probabiliter
1168 3020 1313 3067 cmm„

91 3113 122 3165 25
133 3087 282 3150 concludi
312 3089 399 3170 quod
427 3086 508 3150 sicut
537 3088 568 3148 in
593 3089 661 3172 lege
685 3088 781 3151 veteri
805 3089 922 3172 leprosi
947 3090 1123 3152 debuerant
1135 3072 1343 3172 ‘'⁰'⁶}',511,¹³„¹,{ff⁰¹⁶

132 3213 166 3255 se
197 3193 414 3255 sacerdotibus
447 3194 624 3273 ostendere,
660 3209 694 3256 ut
726 3208 814 3276 patet
843 3195 919 3258 Luc.
949 3195 1046 3274 xv11‚
1079 3177 1342 3279 εἰείῗξίξξῗξξζξξὲ

133 3297 282 3361 Christus
320 3313 413 3360 autor
453 3298 619 3381 utriusque
657 3298 733 3381 legis
771 3300 927 3381 approbat
965 3319 1024 3381 pro
1061 3321 1122 3362 suo

132 3418 276 3483 tempore
299 3418 438 3465 veterem
462 3403 555 3466 istam
579 3403 681 3485 legem
706 3417 737 3465 et
759 3423 816 3486 per
836 3404 1121 3466 anteriotacionem

131 3507 307 3568 sanacionis
346 3509 433 3589 quod
472 3509 530 3568 ista
567 3509 709 3571 ostensio
743 3509 960 3571 sacerdotibus
1000 3529 1120 3571 cessare

88 3610 241 3690 30debuit
265 3632 322 3693 pro
346 3627 488 3694 tempore
512 3613 588 3693 legis
624 3633 716 3675 nove.
746 3614 785 3675 Et
817 3613 902 3675 istud
927 3613 1041 3694 figurat
1071 3635 1117 3675 re-

130 3716 215 3778 ditus
233 3717 419 3778 Samaritani
438 3717 492 3799 qui
512 3719 591 3779 ultra
610 3737 724 3780 novem
742 3718 854 3779 iudeus
869 3734 996 3780 sanatos
1015 3719 1118 3780 taliter

177 4006 199 4043 4.
215 3991 247 4033 u:
263 3993 324 4035 drctn
335 3993 404 4035 deest.
459 3990 478 4034 5.
494 3992 523 4034 ll:
538 3993 601 4047 quod
619 3991 730 4036 Christus.
784 3993 805 4037 8.
823 3994 841 4036 Ι)
852 3994 876 4036 iu
888 4007 974 4052 rqurg.:
991 3994 1114 4048 Scrr'pture

123 4072 204 4102 seusus
217 4066 252 4103 est
264 4063 416 4115 prradrapter:
480 4074 502 4115 9.
518 4062 606 4104 scilicet
619 4062 713 4104 vocalis.
773 4072 799 4104 tr.
822 4062 839 4103 Β
859 4063 880 4104 iu
898 4075 984 4116 murg.:
1003 4062 1113 4106 Lt'leralr's

122 4142 203 4172 seusus
216 4142 262 4184 quo
275 4132 409 4173 errent-ioue
418 4132 469 4182 (sic)
478 4131 545 4173 alios.
601 4130 629 4174 15.
646 4131 674 4174 B:
689 4132 805 4185 scripture
815 4133 885 4175 deest.
945 4144 978 4175 22.
990 4131 1110 4175 scunt:

121 4198 223 4249 decatum
237 4199 268 4241 ib.
283 4201 316 4242 A:
332 4212 361 4241 ex
374 4201 424 4243 rua.
485 4199 520 4243 26.
536 4199 613 4243 ADE:
627 4199 689 4254 Luce
701 4198 765 4244 XVII
776 4200 849 4244 deest.
912 4212 948 4253 29.
963 4202 996 4245 D:
1010 4213 1110 4245 cessare.

169 4327 198 4393 ¹3.
219 4343 306 4392 Lucae
324 4344 401 4406 xvtt,
425 4360 461 4406 tq.
