3046 4920
610 420 807 470 moronus.
1404 423 1420 478 7

256 574 448 659 Capitulum
458 579 635 659 septimum
645 576 820 639 introducit
834 577 999 639 materiam
1015 576 1053 637 de
1065 578 1199 658 ydemp-
1233 586 1336 642 Chapter
1351 586 1401 631 vn.

211 678 407 764 tilicacione;
451 696 563 743 contra
598 700 697 763 quam
729 681 835 765 arguit
872 677 1128 763 septempliciter,
1170 695 1200 741 et

209 786 314 869 arguit
348 806 409 868 pro
441 783 758 868 ydemptilicacione,
796 787 902 868 primo
935 804 993 867 pro
1027 782 1200 866 idcmptifi·

209 889 341 953 cacione
365 888 610 952 individuorum
625 890 657 952 in
675 892 781 974 specie
805 904 836 954 et
859 909 983 973 genere,
1002 905 1032 951 et
1048 888 1202 951 dissolvit.

184 992 365 1056 §Secundo
388 991 561 1076 replicatur
584 1016 643 1077 per
671 997 732 1058 hoc
761 997 849 1079 quod
878 996 938 1056 hoc
966 1008 1200 1055 sacramentum

208 1112 258 1159 est
282 1097 338 1159 uni
364 1117 429 1160 una
452 1099 591 1182 qualitas
616 1115 646 1163 et
670 1100 723 1162 alii
747 1100 824 1179 alia;
852 1114 883 1162 et
909 1098 1053 1161 dissolvit
1083 1118 1201 1182 negans

209 1201 301 1283 illud,
335 1203 503 1266 declarans
538 1205 625 1288 quod
660 1204 831 1288 qualitates
865 1225 928 1266 non
961 1217 1113 1286 poterunt
1144 1223 1202 1284 per

207 1326 242 1367 se
274 1326 345 1371 esse
378 1328 416 1370 ex
445 1323 537 1390 parte
569 1309 764 1391 qualitatum
797 1307 912 1371 anime.
948 1308 987 1370 Et
1020 1307 1113 1370 solvit
1141 1308 1200 1369 tria

207 1425 410 1493 argumenta,
437 1414 602 1475 declarans
625 1412 845 1496 multipliciter
868 1412 1036 1497 quomodo
1052 1411 1197 1491 accidens

166 1542 197 1575 to
209 1515 296 1578 varie
310 1516 510 1580 denominat.
537 1517 576 1579 Et
592 1517 692 1579 tercio
713 1517 913 1580 ostendendo
930 1517 1095 1600 quomodo
1115 1516 1199 1578 Deus

209 1621 338 1685 videtur
366 1622 507 1684 declarat
536 1642 652 1684 novem
681 1642 795 1705 genera
828 1623 997 1686 visionum.
1033 1622 1071 1683 Et
1105 1620 1199 1683 solvit

207 1740 352 1809 quatuor
374 1725 520 1789 obiectus
540 1726 657 1809 quibus
681 1725 836 1789 suadetur
853 1728 955 1789 Deum
981 1727 1078 1788 videri
1104 1724 1199 1787 oculo

207 1831 379 1914 corporali.
405 1830 532 1906 Quarto
555 1830 651 1894 solvit
673 1829 808 1895 tercium
826 1833 988 1894 obiectum
1004 1829 1125 1894 lactum
1140 1850 1199 1915 pro

207 1933 517 2019 ydemptificacione
533 1955 591 2016 per
606 1935 668 1998 hoc
678 1936 766 2019 quod
785 1938 876 2018 panis
894 1935 927 1999 fit
940 1957 1055 2020 corpus
1066 1935 1197 2013 Christi,

163 2051 193 2102 15
207 2040 265 2103 ubi
283 2040 476 2103 declarando
493 2059 624 2102 sensum
647 2041 738 2103 istius
755 2041 898 2103 ostendit
914 2042 1016 2123 qualis
1037 2056 1085 2104 est
1100 2041 1198 2104 virtus

205 2142 402 2207 sacramenti
431 2156 463 2206 ct
490 2144 659 2227 quomodo
693 2165 757 2206 non
791 2143 911 2207 sufficit
949 2144 1049 2207 iacere
1083 2164 1198 2227 panem

206 2269 278 2313 esse
302 2250 389 2312 idem
413 2249 542 2331 corpori
568 2246 699 2311 Christi.
725 2249 766 2311 Et
790 2250 904 2312 ultimo
927 2248 1021 2311 solvit
1045 2264 1195 2332 quartum

206 2355 376 2418 obiectum
400 2353 439 2415 de
463 2353 686 2436 inpanaeione,
718 2354 908 2436 exponendo
933 2354 1036 2437 primo
1060 2369 1089 2416 et
1112 2354 1197 2416 colo·

207 2460 312 2523 tando
344 2457 565 2543 posicionem;
600 2459 742 2520 secundo
776 2473 881 2522 narrat
912 2460 1069 2541 originem
1101 2459 1197 2522 huius

158 2565 258 2627 eovie
282 2579 314 2628 ct
337 2563 416 2649 quid
440 2563 500 2627 sibi
525 2562 685 2646 contingit
708 2583 745 2625 ac
768 2584 866 2648 quam
892 2563 1015 2627 sinistre
1031 2566 1198 2646 glosantur

205 2670 290 2732 dicta
315 2683 504 2732 sanctorum
521 2680 553 2730 et
568 2669 656 2750 leges
673 2668 803 2731 ecclesie
820 2689 856 2730 ex
874 2670 932 2731 ista
949 2668 1064 2730 inlecta
1082 2669 1196 2732 radice.

206 2775 248 2836 Et
277 2773 378 2837 tercio
410 2775 529 2857 probat
558 2772 725 2856 tripliciter
759 2775 846 2857 quod
880 2774 1041 2836 sentencia
1069 2775 1129 2836 ista
1158 2775 1196 2835 de

205 2878 423 2961 inpanacione
447 2893 496 2942 est
521 2877 672 2959 heretica,
701 2878 808 2961 primo
833 2879 907 2961 quia
932 2878 1087 2961 scriptura
1112 2899 1196 2942 sacra

204 3000 235 3047 et
269 2984 372 3046 sancti
412 2983 561 3046 doctores
595 2983 627 3046 in
661 2984 765 3045 verbis
805 3000 960 3064 asserunt,
995 2999 1029 3046 ut
1060 2985 1197 3066 allegant

154 3101 190 3152 25
204 3092 338 3153 beatum
354 3089 579 3172 Augustinum
603 3089 763 3152 dicentem
788 3089 875 3172 quod
899 3088 989 3170 panis
1012 3102 1059 3151 est
1083 3074 1195 3172 corpus

204 3193 337 3270 Christi,
367 3194 512 3257 secundo
540 3214 598 3276 per
627 3194 688 3256 hoc
717 3196 804 3277 quod
834 3194 994 3277 quidditas
1017 3192 1108 3276 panis
1132 3215 1193 3256 non

203 3314 311 3383 potest
334 3320 405 3362 esse
427 3299 610 3384 ydemptice
635 3298 799 3383 quidditas
824 3299 937 3377 carnis,
962 3312 993 3361 et
1016 3298 1114 3361 tercio
1137 3320 1194 3380 per

202 3405 265 3467 hoc
297 3405 387 3490 quod
420 3404 551 3468 ecclesia
585 3423 650 3465 non
685 3418 732 3466 est
762 3403 947 3467 dilficultata
977 3404 1008 3466 in
1034 3400 1096 3465 fide
1124 3403 1192 3465 sine

202 3530 321 3594 magna
349 3510 495 3591 racione;
533 3510 589 3572 sed
624 3529 687 3571 non
721 3524 768 3572 est
801 3511 896 3590 racio,
935 3529 1046 3593 ymmo
1082 3507 1191 3571 incon·

153 3615 361 3679 3ovenientis
394 3613 582 3698 multiplicis
616 3614 796 3698 implicacio
828 3616 981 3697 ponendo
1009 3615 1191 3698 inpanacio·

203 3742 287 3784 nem.
327 3721 369 3784 Et
406 3720 538 3804 exponit
570 3725 732 3784 decretum
773 3721 901 3784 ecclesie
940 3722 1027 3804 quod
1066 3720 1191 3783 videtur

253 3972 274 4006 a.
289 3961 321 4006 Et
340 3962 463 4018 arguitur.
508 3972 530 4015 a,
540 3959 561 4006 3.
571 3960 661 4004 Codd.:
676 3961 857 4018 septempliciter
870 3962 970 4005 secundo
984 3962 1075 4018 arguit.
1090 3960 1194 4006 Corrcsi.

200 4031 222 4087 ³,
240 4046 265 4087 4.
285 4032 316 4077 B:
336 4031 416 4089 primo
435 4054 461 4064 -
475 4029 696 4088 ydentptrficociorre
716 4031 795 4085 doest;
816 4031 848 4076 ll:
868 4044 914 4088 pro
929 4032 1147 4088 ydemptrssicacr'orre
1165 4033 1195 4075 de

200 4100 424 4159 rdempttilcaciorte.
478 4114 501 4154 4.
517 4099 548 4144 E:
568 4100 593 4144 in
607 4113 695 4157 genere
708 4106 731 4145 et
743 4101 827 4158 specie.
885 4100 903 4145 5.
919 4100 949 4144 E:
968 4101 1075 4156 replr'cot;
1095 4100 1126 4144 iu.
1142 4100 1194 4144 DE:

200 4171 266 4228 quod
283 4172 351 4216 ittud.
424 4183 457 4227 to,
473 4183 499 4215 rt.
520 4170 553 4215 D:
572 4171 674 4214 ostendit
687 4202 693 4214 .
705 4203 711 4215 .
722 4203 745 4213 ..
761 4176 784 4216 et
801 4172 915 4215 declarat.
982 4181 1012 4214 ta.
1033 4170 1063 4213 lt:
1084 4171 1192 4214 obiectur.

203 4241 236 4286 16.
247 4241 301 4286 Au:
308 4241 401 4299 facere
409 4240 482 4285 deest.
524 4239 555 4285 18.
567 4240 599 4283 D:
610 4240 722 4284 obiectum
733 4246 762 4284 ct.
805 4241 835 4294 ιδ,
847 4253 878 4296 tn.
889 4243 923 4283 A:
933 4240 1060 4283 colorando
1067 4246 1194 4296 peccorum.

202 4321 239 4354 ao.
250 4310 284 4355 ll:
299 4311 413 4368 quidsiu
426 4311 459 4355 D:
474 4310 601 4368 contingit.
651 4321 687 4363 24.
699 4310 796 4354 nucu:
812 4311 903 4362 alteror.
953 4321 986 4364 27·
998 4309 1028 4353 D:
1040 4310 1194 4366 yderrrptr'fice.

200 4393 240 4437 29,
254 4379 290 4425 30.
306 4382 338 4426 D:
353 4381 528 4427 inconveniens.
