3046 4920
133 416 201 461 can
217 401 269 486 ix]
474 421 519 469 nn
540 383 782 470 reticulatam.

134 577 254 639 tudinis
272 576 390 639 Christi
414 576 577 636 recencius
602 574 757 636 habeatur
780 590 809 637 et
834 591 868 638 ut
884 574 1070 656 vigilancius
1088 575 1119 636 in
1188 556 1190 561 Ι

133 685 231 742 modo
256 679 464 742 conversandi
490 678 585 740 misse
601 679 758 761 particeps
777 679 904 741 Domini
928 693 1119 763 exequatur;

132 799 164 847 et
187 784 335 846 omnium
360 783 480 845 horum
506 783 602 845 trium
626 784 774 866 opposita
792 783 981 865 contingunt
997 785 1119 865 populo

132 904 163 952 et
190 888 369 971 specialiter
397 877 617 951 sacerdotibus
645 889 739 951 misse
768 889 822 972 qui
851 909 888 950 ex
916 887 1025 950 officio
1059 909 1119 970 pro

108 993 201 1056 5istis
230 993 331 1054 tribus
373 994 477 1073 magis
511 993 645 1056 sollicite
676 993 864 1056 laborarent.
896 994 1001 1056 Nemo
1034 995 1121 1055 enim

132 1097 205 1180 plus
215 1100 380 1182 perturbat
390 1119 502 1179 pacem
513 1097 642 1177 Christi,
654 1099 810 1182 extinguit
824 1100 995 1175 caritatem,
1012 1100 1120 1160 minus

133 1202 296 1266 fructuose
313 1218 513 1266 memoratur
530 1206 628 1266 vitam
646 1203 777 1280 Christi,
797 1220 831 1266 ut
846 1220 997 1287 sequatur
1012 1203 1120 1285 ipsum

133 1310 164 1371 in
193 1309 338 1372 moribus
367 1330 465 1392 quam
495 1310 615 1372 faciunt
650 1312 842 1386 sacerdotes,
878 1327 908 1372 et
940 1310 1118 1392 specialiter

134 1415 247 1497 prelati
266 1414 320 1497 qui
338 1416 376 1474 ad
395 1415 457 1476 hoc
482 1435 518 1475 ex
541 1415 672 1476 nomine
689 1416 760 1496 plus
779 1431 934 1477 tenentur.
959 1416 1121 1476 Debemus

93 1519 220 1581 ioenim
238 1520 337 1580 instar
354 1518 473 1581 Christi
491 1521 597 1581 minus
623 1521 785 1582 intendere
810 1521 932 1582 mundo
956 1540 1030 1582 cunr
1055 1520 1121 1580 suis

133 1624 256 1701 ritibus,
290 1624 362 1706 plus
394 1623 549 1705 aufugere
583 1626 736 1687 secularia
771 1624 924 1687 desideria
954 1645 1029 1686 cum
1055 1624 1121 1684 suis

133 1721 412 1802 contentionibus,
446 1749 519 1791 cum
545 1731 613 1812 ipsa
638 1729 710 1811 plus
738 1730 926 1812 extinguunt
954 1749 1064 1811 pacem
1090 1744 1121 1791 et

133 1835 302 1897 karitatem
326 1833 466 1896 ecclesie.
492 1836 595 1895 Nemo
613 1834 718 1896 minus
741 1837 857 1913 studet,
882 1849 917 1896 ut
936 1834 1021 1895 vivat
1044 1855 1119 1895 con·

134 1938 279 2000 formiter
304 1940 365 2000 vite
383 1938 513 2017 Christi,
537 1959 650 2022 ymmo
667 1941 774 2001 nullus
790 1938 1003 2002 Antichristus
1020 1939 1120 2020 magis

94 2047 174 2105 r5ab
208 2065 242 2104 ea
277 2045 458 2125 degenerat,
499 2064 572 2105 cum
606 2065 670 2105 non
705 2046 870 2107 studemus
904 2046 986 2106 circa
1022 2044 1119 2105 vitam

135 2169 264 2231 parcam
293 2149 437 2230 penalem
468 2164 499 2211 et
531 2150 828 2232 exproprietariam,
860 2170 956 2231 quam
988 2148 1120 2210 indubie

126 2254 370 2317 Christusvixit
386 2254 416 2315 in
434 2254 538 2335 terris,
552 2255 606 2315 sed
624 2255 706 2317 circa
724 2254 820 2317 vitam
838 2256 966 2338 largam,
984 2255 1120 2328 lautam,

135 2359 390 2442 proprietariam,
407 2361 626 2442 pompaticam
640 2375 670 2422 et
683 2359 820 2422 maxime
835 2361 1017 2421 secularem.
1036 2358 1121 2421 Cum

135 2483 212 2544 ergo
251 2467 355 2525 cultus
389 2464 492 2526 hostie
531 2465 668 2526 maxime
701 2465 844 2527 consistit
880 2466 910 2526 in
949 2465 1118 2545 complexu

93 2568 272 2631 aoistorum
296 2569 390 2630 trium
417 2584 448 2631 et
473 2571 504 2630 in
531 2569 664 2652 aufugio
688 2570 820 2633 horum:
845 2570 885 2630 ita
912 2589 976 2631 non
1001 2569 1033 2630 in
1050 2589 1121 2651 pre·

93 2701 97 2708 ⁴
137 2674 231 2737 ciosis
254 2676 302 2735 vel
320 2674 518 2757 sumptuosis
542 2675 737 2737 ornamentis
762 2695 818 2736 nec
843 2676 874 2736 in
899 2674 1013 2736 ritibus
1028 2674 1118 2735 incli-

136 2779 318 2855 nacionum,
343 2778 603 2859 genuflexionum
620 2780 667 2841 vel
691 2781 993 2862 decapuciacionum
1011 2781 1064 2839 sed
1088 2779 1119 2838 in

135 2899 241 2946 mente
275 2905 355 2965 pura
385 2898 416 2945 et
444 2886 613 2946 sanctitate
646 2885 708 2946 vite
741 2884 978 2946 conversationi
1001 2883 1119 2946 Christi

134 2989 258 3050 similis.
285 2990 325 3051 Et
349 2989 424 3050 hinc
448 2990 574 3050 videtur
597 2991 684 3071 quod
710 2992 890 3051 sacerdotes
915 2989 1033 3072 quibus
1056 2989 1118 3050 sin·

93 3094 288 3176 rigulariter
312 3094 522 3155 commissum
551 3109 598 3154 est
626 3094 687 3155 hoc
712 3094 919 3156 ministerium
949 3095 1064 3154 debent
1088 3095 1119 3154 in

136 3220 275 3280 paupere
300 3201 365 3262 vita
382 3200 471 3280 sequi
490 3198 656 3260 Christum
673 3214 703 3261 et
720 3199 787 3260 sine
803 3199 976 3260 offensione
992 3199 1122 3260 ecclesie

136 3307 183 3367 vel
207 3324 281 3366 cura
306 3306 344 3364 de
369 3305 506 3385 propriis
531 3306 649 3365 habere
681 3305 789 3366 omnia
818 3305 848 3365 in
877 3305 1053 3383 communi,
1087 3318 1122 3365 ut

134 3410 211 3470 dicit
232 3409 408 3490 Apostolus
433 3409 463 3468 la
481 3410 557 3471 Cor.
576 3411 630 3492 X0,
654 3425 704 3493 17:
735 3409 824 3471 Urius
844 3411 940 3491 panis
965 3419 994 3471 et
1020 3430 1119 3469 urrann

135 3534 254 3595 corpus
272 3513 366 3575 niulti
381 3533 506 3573 sitinus.
533 3515 624 3575 Unde
643 3516 784 3575 solebam
804 3536 861 3595 pro
878 3530 1020 3594 tempore
1039 3515 1121 3576 illius

93 3626 125 3675 30
137 3620 388 3700 perturbacionis
406 3634 436 3679 et
449 3618 625 3679 invasionis
644 3620 728 3700 regni
747 3620 846 3680 nostri
867 3640 1004 3680 asserere
1021 3621 1120 3701 quod,

136 3745 209 3785 cum
230 3726 313 3785 bona
329 3725 415 3804 regni
435 3724 464 3784 in
478 3724 624 3783 manibus
637 3724 856 3804 religiosorum
871 3724 932 3785 sint
944 3726 1025 3784 bona
1041 3745 1120 3805 pau·

136 3851 259 3910 perum,
288 3850 425 3910 quorum
450 3831 608 3890 bonorum
634 3829 692 3909 ipsi
714 3830 851 3910 religiosi
876 3845 949 3890 sunt
970 3851 1120 3910 procura-

189 4048 203 4077 r.
221 4036 249 4077 ll:
268 4036 356 4077 Christi
368 4036 439 4077 deest.
495 4048 513 4077 a.
531 4036 559 4077 ll:
578 4036 719 4089 parli'cipes;
739 4035 768 4076 E:
787 4037 914 4090 parti'cipe,·
935 4036 964 4077 ib.
981 4035 1053 4078 AllC:
1075 4037 1122 4078 Do-

136 4107 228 4148 minam,
272 4105 289 4146 3.
307 4106 358 4148 AB:
374 4107 480 4161 opposita
497 4109 572 4154 deest:
589 4107 618 4147 C:
635 4107 656 4147 in
670 4120 741 4157 marg.
753 4108 796 4148 alia
808 4119 876 4148 niano
888 4106 940 4147 aaa.
983 4119 1001 4159 7.
1019 4106 1047 4147 li:
1063 4120 1121 4147 erran.

138 4175 420 4232 12.ABCE:eunmnn.
497 4177 785 4231 11.Ah:mnghdcmm
807 4176 1121 4229 Cthrmam.mm1nmm.

137 4246 333 4300 rodpmma
392 4246 605 4301 ωϋεωψμ
664 4245 1122 4300 aamhffizmmwmmgma

132 4316 258 4368 fluxionem
274 4317 310 4357 rel
324 4318 540 4369 decoratio:inueni
556 4322 578 4358 ι’(
592 4317 630 4366 tir,·
646 4317 673 4357 E:
690 4318 886 4370 cilp‘ltt'fala'f‘lltllm.
936 4316 967 4357 ai.
980 4317 1051 4359 Alai·
1069 4330 1121 4358 [ml-

137 4388 306 4428 musacnunma
361 4387 391 4428 εἰ
408 4386 437 4427 h:
458 4388 544 4427 danna
600 4385 829 4440 30.Cudd,:reah,

1140 1009 1203 1054 Most
1217 1012 1244 1054 of
1256 1011 1285 1052 all
1300 1010 1331 1053 do

1146 1064 1231 1120 priests
1246 1064 1285 1105 fail
1295 1063 1324 1106 in

1153 1117 1262 1169 carrving
1277 1122 1317 1157 ont

1139 1169 1177 1212 the
1193 1164 1296 1226 piirposc
1311 1168 1336 1210 of

1138 1222 1176 1264 the
1192 1229 1331 1265 sacrament.
