3046 4920
212 406 280 452 ean
297 393 350 481 na]
555 414 599 464 na
620 415 862 465 aucnrtarsrn,

211 570 349 634 crucifixi
380 573 451 635 Joh.
476 573 564 652 xx0,
590 591 642 635 ao.
677 572 718 634 Et
745 570 818 635 ideo
847 569 898 655 (ut
925 574 1002 635 dicit
1026 576 1205 637 Alexander

211 674 308 762 papa)
345 679 389 741 sic
429 679 627 761 pertinenter
668 677 778 759 quoad
825 693 998 760 utrumque
1044 679 1203 761 signatum
1223 692 1336 737 necatas
1349 707 1414 736 sares

1214 758 1245 788 ou
1261 747 1307 789 tlris
1323 745 1420 793 subiect.

211 784 360 846 recolitur
383 781 540 844 memoria
564 780 732 863 passionis.
758 783 825 844 Nec
849 799 976 865 oportet
1002 804 1062 846 nos
1087 784 1202 847 sollici·
1222 798 1323 894 decqspp
1337 800 1401 894 {Jffis

1279 865 1290 894 e
1353 865 1356 871 ¹
1382 863 1413 893 ἰ’

211 887 269 950 tari
301 888 340 950 de
373 887 562 949 necessitate
596 883 669 949 fidei
703 886 744 949 ad
776 886 922 950 distincte
955 888 1202 951 discernendum
1227 904 1412 965 arrreaarrnnn

186 992 427 1056 §differenciam
466 989 548 1052 inter
587 990 700 1054 vinum
739 1005 770 1054 et
808 1008 948 1069 acetum,
987 993 1062 1077 quia
1097 995 1203 1056 nullus
1227 957 1412 1081 iitii'tnisseffinig

211 1111 359 1160 nostrum
383 1097 414 1157 in
440 1093 584 1157 confinio
609 1095 828 1159 conversionis
848 1096 967 1160 sufficit
983 1098 1062 1160 illud
1087 1098 1203 1180 facer-e3
1231 1069 1255 1106 ⁰¹
1271 1062 1309 1105 ¹¹¹⁰
1324 1069 1402 1104 ”³¹⁰⁵

208 1221 321 1282 ymmo
349 1201 381 1262 in
411 1201 537 1284 liquore
562 1215 712 1283 reputato
745 1217 777 1265 et
804 1220 877 1264 vere
906 1205 1059 1265 existente
1092 1203 1201 1266 vinum

209 1306 387 1369 secundum
401 1303 559 1367 maiorem
573 1322 697 1389 partem
708 1307 758 1369 sui
769 1326 961 1392 quecunque
972 1328 1043 1391 pars
1055 1307 1203 1371 notabilis

210 1424 256 1472 est
271 1424 415 1488 acetum3
440 1429 515 1472 nam
539 1430 634 1493 aqua,
659 1425 741 1473 terra
765 1427 826 1477 etc.
847 1426 912 1474 tam
931 1415 1087 1476 elementa
1103 1433 1203 1497 quam

170 1539 199 1573 ιο
210 1513 318 1593 mixta,
347 1514 423 1576 licet
451 1534 526 1597 sepe
554 1514 648 1577 nobis
670 1514 878 1594 insensibilia,
901 1531 976 1581 sunt
999 1532 1102 1600 partes
1125 1517 1202 1599 vini,

209 1634 240 1682 et
262 1620 335 1682 ideo
359 1619 510 1682 mussitat
533 1620 702 1683 decretalis
729 1618 813 1683 libro
838 1621 878 1683 ΙΙΙ
903 1620 950 1684 De
974 1619 1202 1685 Celebracione

210 1725 379 1788 missarum
412 1724 556 1807 capitulo
588 1725 668 1788 Cum
699 1727 849 1790 Martiae:
880 1726 916 1788 Si
945 1746 1032 1810 aqua
1064 1727 1097 1789 in
1129 1727 1201 1790 vino

209 1829 354 1912 confecto
386 1831 587 1892 convertitur
611 1831 643 1891 in
671 1846 796 1914 partem
824 1828 943 1896 Christi
973 1833 1021 1894 vel
1051 1831 1135 1895 cedit
1168 1833 1199 1894 in

209 1936 345 1997 nihilum
375 1949 407 1997 et
436 1934 602 1998 recitando
633 1936 751 1999 multas
779 1935 949 2020 opiniones
976 1937 1111 2001 stolidas
1135 1957 1199 1999 non

168 2047 196 2098 ι5
208 2038 335 2103 dilfiuit.
359 2040 465 2102 Prima
489 2040 653 2102 sentencia
678 2056 725 2102 est
741 2043 830 2125 quod
846 2041 919 2105 licet
934 2055 1065 2125 oportet
1081 2061 1201 2126 aquam

208 2144 331 2207 misceri
357 2144 432 2206 vino
456 2144 488 2205 in
513 2143 623 2222 calice,
649 2159 757 2207 tamen
787 2165 852 2209 non
881 2147 974 2209 debet
1001 2144 1068 2209 fieri
1096 2145 1200 2208 verbis

206 2249 395 2313 sacramenti
417 2247 595 2328 conleccio,
616 2263 791 2334 antequam
812 2270 895 2334 aqua
912 2250 1107 2314 assimiletur
1124 2251 1199 2311 vino

207 2368 239 2417 et
261 2354 305 2416 sic
330 2373 414 2437 aqua
438 2354 640 2416 convertitur
663 2355 695 2416 in
719 2374 838 2438 aquam
863 2374 925 2437 que
949 2369 996 2418 est
1020 2355 1051 2416 in
1071 2354 1200 2419 Christo

207 2474 237 2523 et
261 2461 371 2522 vinum
402 2460 433 2520 in
461 2458 651 2542 sanguinem
682 2469 717 2522 ut
739 2459 772 2521 in
795 2460 854 2522 hoc
876 2471 1083 2523 sacramento
1100 2461 1200 2543 plene

164 2565 247 2628 arsit
268 2564 389 2627 veritas
410 2574 441 2626 et
442 2564 577 2647 figura.
603 2563 752 2627 Secunda
773 2566 924 2649 estquod
946 2567 987 2628 sit
1008 2564 1199 2627 assimilacio

206 2689 287 2752 aque
316 2670 347 2731 in
375 2668 488 2730 vinum
517 2684 549 2753 et
579 2684 653 2751 post
682 2682 788 2732 totum
818 2670 1144 2733 transsubstanciatur
1166 2669 1198 2730 in

206 2774 405 2859 sanguinem,
434 2774 478 2835 sic
504 2776 593 2857 quod
617 2774 761 2856 quelibet
790 2795 863 2855 pars
887 2775 1100 2858 quantitativa
1123 2795 1199 2836 con·

204 2881 349 2942 secrandi
371 2880 559 2941 huiusmodi
581 2881 622 2942 sit
640 2880 763 2958 vinum,
784 2899 860 2941 cum
876 2881 964 2943 nulla
981 2900 1055 2963 pars
1071 2879 1197 2964 quanti-

206 2985 300 3048 tativa
326 2984 415 3048 mixti
440 2985 481 3046 sit
498 2987 707 3062 elementum,
732 2986 805 3047 licet
816 2985 934 3067 phisici
948 3005 1069 3068 aquam
1086 3005 1106 3045 a
1124 2988 1197 3047 vino

171 3099 357 3154 ·5assernrrt
376 3109 476 3172 posse
493 3109 558 3172 per
573 3090 749 3174 artficium
771 3092 932 3172 separari.
956 3089 1018 3153 Sed
1036 3091 1130 3153 tercia
1149 3105 1197 3153 est

204 3196 390 3258 innaturalis
418 3194 580 3257 sentencia
610 3195 661 3257 cui
688 3195 817 3257 videtur
846 3195 1011 3258 decretalis
1039 3210 1196 3257 annuere:

205 3301 316 3380 Potest,
331 3300 445 3384 inquit,
459 3299 733 3383 diripiendaque
747 3319 810 3362 non
821 3302 940 3364 transit
954 3303 986 3363 in
1001 3301 1195 3383 sanguinein

202 3405 259 3469 sed
279 3417 425 3469 remanet
443 3407 568 3488 prioris
592 3406 658 3467 vini
680 3404 895 3469 accidentibus
923 3405 1127 3489 circumfusa
1151 3408 1196 3469 ita

202 3511 288 3595 quod
301 3512 367 3574 vini
381 3531 532 3594 saporem
550 3512 705 3588 assumit,·
728 3511 815 3593 quod
836 3512 908 3574 inde
926 3515 1080 3595 cognosci
1091 3521 1196 3594 potest

159 3617 289 3700 soquoa
321 3620 351 3680 si
382 3627 457 3699 post
494 3615 606 3678 calicis
643 3618 922 3679 consecracionem
958 3616 1052 3679 aliud
1086 3617 1194 3678 vinum

253 3856 275 3893 a.
290 3841 344 3884 AB:
364 3841 398 3883 ad
411 3839 484 3882 deest.
562 3852 582 3894 7.
597 3840 725 3891 ea·istente‚·
746 3839 774 3882 B:
795 3845 870 3883 exnte.
947 3853 973 3884 rr.
989 3838 1063 3884 ABC:
1082 3846 1105 3883 et
1118 3841 1195 3892 deest;

201 3912 232 3955 ib.
247 3911 322 3955 nun:
341 3911 433 3954 musr'ta.
490 3921 517 3954 ιι.
533 3909 631 3954 nucu:
650 3911 726 3954 inisse.
782 3908 811 3954 13.
826 3912 850 3953 in
862 3917 969 3966 partem,-
983 3910 1087 3955 Rectius:
1102 3911 1126 3953 in
1140 3922 1195 3953 sart-

201 3982 303 4038 garrera.
366 3992 402 4023 ao.
418 3980 449 4025 D:
468 3980 496 4032 fit
510 3982 604 4023 veritas.
668 3980 748 4025 aso:
768 3987 894 4024 causaest.
961 3981 997 4025 26.
1013 3980 1044 4025 C:
1063 3981 1196 4031 taurinatis,-

201 4063 262 4096 corr.
277 4053 299 4095 in
315 4064 389 4106 marg.
444 4062 478 4106 27·
496 4051 526 4094 u:
542 4051 647 4095 transiit.
701 4050 736 4104 28,
751 4062 787 4106 ²9·
803 4051 878 4095 ABC:
894 4053 980 4107 itaque.

260 4213 279 4246 r.
311 4196 351 4246 Cf.
384 4197 485 4246 lleereti
518 4196 608 4246 Tertia
640 4197 712 4256 Pars,
744 4196 783 4245 De
814 4196 903 4258 Cone„
934 4197 994 4246 dist.
1026 4197 1055 4256 ΙΙ,
1087 4211 1143 4261 cap.
1176 4197 1194 4245 Ι.

207 4299 245 4335 ta.
269 4285 371 4335 Decreti
393 4285 471 4349 Greg.
490 4285 536 4334 lib.
556 4285 598 4346 lli,
617 4285 655 4334 tit.
673 4283 740 4345 ΧΙΙ,
760 4299 817 4349 cap.
831 4284 874 4333 vt.
965 4298 1006 4332 ao.
1030 4283 1072 4333 Cf.
1092 4284 1192 4334 Decreti

201 4375 307 4440 suprad.
328 4373 393 4422 Cum
414 4373 531 4431 ,ilar-tlte,
551 4379 565 4436 g
585 4389 604 4422 r.
678 4386 719 4436 24.
738 4372 773 4421 ib.
846 4387 886 4437 ²7·
907 4372 940 4421 ib.
