<?xml version="1.0" encoding="UTF-8"?>
<!DOCTYPE html PUBLIC "-//W3C//DTD XHTML 1.0 Transitional//EN"
    "http://www.w3.org/TR/xhtml1/DTD/xhtml1-transitional.dtd">
<html xmlns="http://www.w3.org/1999/xhtml" xml:lang="en" lang="en">
 <head>
  <title>
</title>
<meta http-equiv="Content-Type" content="text/html;charset=utf-8" />
  <meta name='ocr-system' content='tesseract 3.04.00' />
  <meta name='ocr-capabilities' content='ocr_page ocr_carea ocr_par ocr_line ocrx_word'/>
</head>
<body>
  <div class='ocr_page' id='page_1' title='image "./iohanniswyclifd01losegoog/iohanniswyclifd01losegoog_0160.png"; bbox 0 0 3046 4920; ppageno 0'>
   <div class='ocr_carea' id='block_1_1' title="bbox 216 430 872 521">
    <p class='ocr_par' dir='ltr' id='par_1_1' title="bbox 216 430 872 521">
     <span class='ocr_line' id='line_1_1' title="bbox 216 430 872 521; baseline 0 -28"><span class='ocrx_word' id='word_1_1' title='bbox 216 444 284 493; x_wconf 76' lang='lat' dir='ltr'>cnr.</span> <span class='ocrx_word' id='word_1_2' title='bbox 298 430 353 521; x_wconf 74' lang='lat' dir='ltr'>ru]</span> <span class='ocrx_word' id='word_1_3' title='bbox 559 448 605 498; x_wconf 70' lang='lat' dir='ltr'>na</span> <span class='ocrx_word' id='word_1_4' title='bbox 626 445 872 496; x_wconf 63' lang='lat' dir='ltr'>[detinuistis.</span> 
     </span>
    </p>
   </div>
   <div class='ocr_carea' id='block_1_2' title="bbox 170 600 1428 1631">
    <p class='ocr_par' dir='ltr' id='par_1_2' title="bbox 170 600 1428 1631">
     <span class='ocr_line' id='line_1_2' title="bbox 216 600 1210 682; baseline -0.009 -12"><span class='ocrx_word' id='word_1_5' title='bbox 216 621 279 671; x_wconf 89' lang='lat' dir='ltr'>tate</span> <span class='ocrx_word' id='word_1_6' title='bbox 296 607 451 672; x_wconf 85' lang='lat' dir='ltr'>distancie</span> <span class='ocrx_word' id='word_1_7' title='bbox 476 604 633 666; x_wconf 86' lang='lat' dir='ltr'>videbunt</span> <span class='ocrx_word' id='word_1_8' title='bbox 659 619 776 682; x_wconf 89' lang='lat' dir='ltr'>corpus</span> <span class='ocrx_word' id='word_1_9' title='bbox 790 600 908 665; x_wconf 85' lang='lat' dir='ltr'>Christi</span> <span class='ocrx_word' id='word_1_10' title='bbox 934 602 1030 662; x_wconf 87' lang='lat' dir='ltr'>oculo</span> <span class='ocrx_word' id='word_1_11' title='bbox 1052 604 1210 682; x_wconf 83' lang='lat' dir='ltr'>corporali</span> 
     </span>
     <span class='ocr_line' id='line_1_3' title="bbox 218 704 1210 793; baseline -0.008 -19"><span class='ocrx_word' id='word_1_12' title='bbox 218 712 363 793; x_wconf 75' lang='lat' dir='ltr'>bencius3</span> <span class='ocrx_word' id='word_1_13' title='bbox 386 725 449 774; x_wconf 90' lang='lat' dir='ltr'>stat</span> <span class='ocrx_word' id='word_1_14' title='bbox 473 709 561 770; x_wconf 91' lang='lat' dir='ltr'>enim</span> <span class='ocrx_word' id='word_1_15' title='bbox 585 704 737 768; x_wconf 84' lang='lat' dir='ltr'>sensibile</span> <span class='ocrx_word' id='word_1_16' title='bbox 757 705 789 767; x_wconf 92' lang='lat' dir='ltr'>in</span> <span class='ocrx_word' id='word_1_17' title='bbox 807 705 918 767; x_wconf 87' lang='lat' dir='ltr'>maiori</span> <span class='ocrx_word' id='word_1_18' title='bbox 944 704 1096 766; x_wconf 89' lang='lat' dir='ltr'>distancia</span> <span class='ocrx_word' id='word_1_19' title='bbox 1113 704 1210 766; x_wconf 88' lang='lat' dir='ltr'>videri</span> 
     </span>
     <span class='ocr_line' id='line_1_4' title="bbox 215 809 1212 899; baseline -0.01 -20"><span class='ocrx_word' id='word_1_20' title='bbox 215 817 344 896; x_wconf 90' lang='lat' dir='ltr'>clarius,</span> <span class='ocrx_word' id='word_1_21' title='bbox 377 828 503 899; x_wconf 87' lang='lat' dir='ltr'>quanto</span> <span class='ocrx_word' id='word_1_22' title='bbox 535 811 641 891; x_wconf 79' lang='lat' dir='ltr'>magis</span> <span class='ocrx_word' id='word_1_23' title='bbox 671 809 704 872; x_wconf 93' lang='lat' dir='ltr'>in</span> <span class='ocrx_word' id='word_1_24' title='bbox 734 810 940 891; x_wconf 82' lang='lat' dir='ltr'>beatitudine,</span> <span class='ocrx_word' id='word_1_25' title='bbox 973 811 1026 872; x_wconf 94' lang='lat' dir='ltr'>ubi</span> <span class='ocrx_word' id='word_1_26' title='bbox 1056 810 1212 871; x_wconf 89' lang='lat' dir='ltr'>sensualis</span> 
     </span>
     <span class='ocr_line' id='line_1_5' title="bbox 214 913 1211 999; baseline -0.01 -14"><span class='ocrx_word' id='word_1_27' title='bbox 214 920 331 985; x_wconf 81' lang='lat' dir='ltr'>noticia</span> <span class='ocrx_word' id='word_1_28' title='bbox 366 917 450 982; x_wconf 88' lang='lat' dir='ltr'>ultra</span> <span class='ocrx_word' id='word_1_29' title='bbox 484 913 685 999; x_wconf 79' lang='lat' dir='ltr'>presenciam</span> <span class='ocrx_word' id='word_1_30' title='bbox 718 916 877 979; x_wconf 91' lang='lat' dir='ltr'>sensibilis</span> <span class='ocrx_word' id='word_1_31' title='bbox 910 915 1087 978; x_wconf 88' lang='lat' dir='ltr'>secundum</span> <span class='ocrx_word' id='word_1_32' title='bbox 1115 914 1211 976; x_wconf 87' lang='lat' dir='ltr'>aliam</span> 
     </span>
     <span class='ocr_line' id='line_1_6' title="bbox 187 1019 1211 1108; baseline -0.003 -24"><span class='ocrx_word' id='word_1_33' title='bbox 187 1027 316 1108; x_wconf 70' lang='lat' dir='ltr'>ilegern</span> <span class='ocrx_word' id='word_1_34' title='bbox 334 1021 499 1086; x_wconf 82' lang='lat' dir='ltr'>emanabit</span> <span class='ocrx_word' id='word_1_35' title='bbox 513 1020 556 1082; x_wconf 91' lang='lat' dir='ltr'>ab</span> <span class='ocrx_word' id='word_1_36' title='bbox 572 1019 690 1083; x_wconf 88' lang='lat' dir='ltr'>anima.</span> <span class='ocrx_word' id='word_1_37' title='bbox 709 1021 803 1086; x_wconf 86' lang='lat' dir='ltr'>Unde</span> <span class='ocrx_word' id='word_1_38' title='bbox 819 1021 871 1104; x_wconf 92' lang='lat' dir='ltr'>pie</span> <span class='ocrx_word' id='word_1_39' title='bbox 887 1021 1047 1083; x_wconf 91' lang='lat' dir='ltr'>credimus</span> <span class='ocrx_word' id='word_1_40' title='bbox 1063 1020 1211 1082; x_wconf 84' lang='lat' dir='ltr'>ordinem</span> 
     </span>
     <span class='ocr_line' id='line_1_7' title="bbox 212 1124 1209 1212; baseline -0.006 -20"><span class='ocrx_word' id='word_1_41' title='bbox 212 1127 388 1212; x_wconf 89' lang='lat' dir='ltr'>posicionis</span> <span class='ocrx_word' id='word_1_42' title='bbox 422 1125 591 1188; x_wconf 90' lang='lat' dir='ltr'>beatorum</span> <span class='ocrx_word' id='word_1_43' title='bbox 615 1126 725 1209; x_wconf 90' lang='lat' dir='ltr'>quoad</span> <span class='ocrx_word' id='word_1_44' title='bbox 748 1145 865 1208; x_wconf 90' lang='lat' dir='ltr'>corpus</span> <span class='ocrx_word' id='word_1_45' title='bbox 889 1124 1006 1189; x_wconf 87' lang='lat' dir='ltr'>Christi</span> <span class='ocrx_word' id='word_1_46' title='bbox 1030 1144 1097 1189; x_wconf 90' lang='lat' dir='ltr'>esse</span> <span class='ocrx_word' id='word_1_47' title='bbox 1121 1144 1209 1206; x_wconf 86' lang='lat' dir='ltr'>regu·</span> 
     </span>
     <span class='ocr_line' id='line_1_8' title="bbox 212 1229 1209 1315; baseline -0.004 -19"><span class='ocrx_word' id='word_1_48' title='bbox 212 1232 401 1296; x_wconf 89' lang='lat' dir='ltr'>latissimam</span> <span class='ocrx_word' id='word_1_49' title='bbox 429 1231 463 1293; x_wconf 94' lang='lat' dir='ltr'>in</span> <span class='ocrx_word' id='word_1_50' title='bbox 492 1250 557 1314; x_wconf 85' lang='lat' dir='ltr'>qua</span> <span class='ocrx_word' id='word_1_51' title='bbox 586 1249 701 1293; x_wconf 86' lang='lat' dir='ltr'>omnes</span> <span class='ocrx_word' id='word_1_52' title='bbox 730 1230 813 1295; x_wconf 86' lang='lat' dir='ltr'>beati</span> <span class='ocrx_word' id='word_1_53' title='bbox 841 1245 957 1292; x_wconf 91' lang='lat' dir='ltr'>mutuo</span> <span class='ocrx_word' id='word_1_54' title='bbox 980 1231 1097 1312; x_wconf 81' lang='lat' dir='ltr'>gaudio</span> <span class='ocrx_word' id='word_1_55' title='bbox 1121 1229 1209 1315; x_wconf 89' lang='lat' dir='ltr'>quie·</span> 
     </span>
     <span class='ocr_line' id='line_1_9' title="bbox 213 1335 1208 1419; baseline -0.003 -19"><span class='ocrx_word' id='word_1_56' title='bbox 213 1351 329 1400; x_wconf 87' lang='lat' dir='ltr'>tantur.</span> <span class='ocrx_word' id='word_1_57' title='bbox 347 1335 411 1399; x_wconf 86' lang='lat' dir='ltr'>Sed</span> <span class='ocrx_word' id='word_1_58' title='bbox 428 1351 535 1419; x_wconf 86' lang='lat' dir='ltr'>preter</span> <span class='ocrx_word' id='word_1_59' title='bbox 551 1336 653 1399; x_wconf 91' lang='lat' dir='ltr'>istum</span> <span class='ocrx_word' id='word_1_60' title='bbox 670 1336 808 1399; x_wconf 91' lang='lat' dir='ltr'>modum</span> <span class='ocrx_word' id='word_1_61' title='bbox 821 1335 943 1398; x_wconf 85' lang='lat' dir='ltr'>essendi</span> <span class='ocrx_word' id='word_1_62' title='bbox 960 1335 1208 1399; x_wconf 85' lang='lat' dir='ltr'>intencionalem</span> 
     </span>
     <span class='ocr_line' id='line_1_10' title="bbox 211 1439 1207 1527; baseline -0.003 -21"><span class='ocrx_word' id='word_1_63' title='bbox 211 1443 320 1527; x_wconf 87' lang='lat' dir='ltr'>quoad</span> <span class='ocrx_word' id='word_1_64' title='bbox 354 1440 593 1504; x_wconf 84' lang='lat' dir='ltr'>humanitatem</span> <span class='ocrx_word' id='word_1_65' title='bbox 626 1439 749 1505; x_wconf 89' lang='lat' dir='ltr'>Christi</span> <span class='ocrx_word' id='word_1_66' title='bbox 780 1440 907 1504; x_wconf 82' lang='lat' dir='ltr'>videtur</span> <span class='ocrx_word' id='word_1_67' title='bbox 940 1441 1030 1525; x_wconf 92' lang='lat' dir='ltr'>quod</span> <span class='ocrx_word' id='word_1_68' title='bbox 1066 1442 1207 1503; x_wconf 90' lang='lat' dir='ltr'>secundo</span> 
     </span>
     <span class='ocr_line' id='line_1_11' title="bbox 170 1546 1428 1631; baseline -0.001 -20"><span class='ocrx_word' id='word_1_69' title='bbox 170 1548 265 1611; x_wconf 77' lang='lat' dir='ltr'>roalii</span> <span class='ocrx_word' id='word_1_70' title='bbox 288 1546 498 1631; x_wconf 86' lang='lat' dir='ltr'>probabiliter</span> <span class='ocrx_word' id='word_1_71' title='bbox 521 1561 598 1610; x_wconf 91' lang='lat' dir='ltr'>sunt</span> <span class='ocrx_word' id='word_1_72' title='bbox 623 1546 778 1629; x_wconf 91' lang='lat' dir='ltr'>ponendi,</span> <span class='ocrx_word' id='word_1_73' title='bbox 802 1547 923 1610; x_wconf 87' lang='lat' dir='ltr'>scilicet</span> <span class='ocrx_word' id='word_1_74' title='bbox 945 1547 1062 1610; x_wconf 90' lang='lat' dir='ltr'>modus</span> <span class='ocrx_word' id='word_1_75' title='bbox 1083 1548 1206 1611; x_wconf 86' lang='lat' dir='ltr'>essendi</span> <span class='ocrx_word' id='word_1_76' title='bbox 1218 1558 1388 1618; x_wconf 66' lang='lat' dir='ltr'>urrumnai.</span> <span class='ocrx_word' id='word_1_77' title='bbox 1402 1573 1428 1602; x_wconf 70' lang='lat' dir='ltr'>as</span> 
     </span>
    </p>
   </div>
   <div class='ocr_carea' id='block_1_3' title="bbox 211 1610 1426 1737">
    <p class='ocr_par' dir='ltr' id='par_1_3' title="bbox 211 1610 1426 1737">
     <span class='ocr_line' id='line_1_12' title="bbox 211 1610 1426 1737; baseline -0.001 -20"><span class='ocrx_word' id='word_1_78' title='bbox 211 1650 464 1737; x_wconf 87' lang='lat' dir='ltr'>supernaturalis</span> <span class='ocrx_word' id='word_1_79' title='bbox 486 1666 517 1715; x_wconf 92' lang='lat' dir='ltr'>et</span> <span class='ocrx_word' id='word_1_80' title='bbox 541 1651 659 1715; x_wconf 89' lang='lat' dir='ltr'>modus</span> <span class='ocrx_word' id='word_1_81' title='bbox 681 1651 807 1716; x_wconf 87' lang='lat' dir='ltr'>essendi</span> <span class='ocrx_word' id='word_1_82' title='bbox 828 1653 1074 1716; x_wconf 81' lang='lat' dir='ltr'>sacramentalis.</span> <span class='ocrx_word' id='word_1_83' title='bbox 1098 1610 1426 1724; x_wconf 44' lang='lat' dir='ltr'>Primouih&#39;hthhlglni&#39;irm</span> 
     </span>
    </p>
   </div>
   <div class='ocr_carea' id='block_1_4' title="bbox 161 1715 1398 3733">
    <p class='ocr_par' dir='ltr' id='par_1_4' title="bbox 161 1715 1398 3733">
     <span class='ocr_line' id='line_1_13' title="bbox 213 1715 1391 1840; baseline 0.001 -20"><span class='ocrx_word' id='word_1_84' title='bbox 213 1759 313 1820; x_wconf 88' lang='lat' dir='ltr'>modo</span> <span class='ocrx_word' id='word_1_85' title='bbox 346 1771 454 1840; x_wconf 88' lang='lat' dir='ltr'>potest</span> <span class='ocrx_word' id='word_1_86' title='bbox 484 1757 621 1839; x_wconf 79' lang='lat' dir='ltr'>intelligi</span> <span class='ocrx_word' id='word_1_87' title='bbox 656 1758 736 1820; x_wconf 90' lang='lat' dir='ltr'>illud</span> <span class='ocrx_word' id='word_1_88' title='bbox 760 1756 860 1821; x_wconf 89' lang='lat' dir='ltr'>Math.</span> <span class='ocrx_word' id='word_1_89' title='bbox 895 1758 1010 1821; x_wconf 89' lang='lat' dir='ltr'>ultimo</span> <span class='ocrx_word' id='word_1_90' title='bbox 1036 1773 1089 1820; x_wconf 88' lang='lat'>20:</span> <span class='ocrx_word' id='word_1_91' title='bbox 1124 1757 1208 1821; x_wconf 86' lang='lat' dir='ltr'>Ecce</span> <span class='ocrx_word' id='word_1_92' title='bbox 1253 1715 1391 1770; x_wconf 53' lang='lat' dir='ltr'>⁸¹me</span> 
     </span>
     <span class='ocr_line' id='line_1_14' title="bbox 212 1862 1207 1949; baseline -0.001 -22"><span class='ocrx_word' id='word_1_93' title='bbox 212 1883 273 1949; x_wconf 75' lang='lat' dir='ltr'>ego</span> <span class='ocrx_word' id='word_1_94' title='bbox 301 1862 465 1926; x_wconf 81' lang='lat' dir='ltr'>vobiscum</span> <span class='ocrx_word' id='word_1_95' title='bbox 499 1882 573 1926; x_wconf 77' lang='lat' dir='ltr'>suin</span> <span class='ocrx_word' id='word_1_96' title='bbox 609 1863 760 1926; x_wconf 84' lang='lat' dir='ltr'>omnibns</span> <span class='ocrx_word' id='word_1_97' title='bbox 791 1863 901 1927; x_wconf 87' lang='lat' dir='ltr'>diebus</span> <span class='ocrx_word' id='word_1_98' title='bbox 934 1883 1036 1945; x_wconf 84' lang='lat' dir='ltr'>usqne</span> <span class='ocrx_word' id='word_1_99' title='bbox 1062 1864 1107 1926; x_wconf 84' lang='lat' dir='ltr'>nd</span> <span class='ocrx_word' id='word_1_100' title='bbox 1133 1883 1207 1926; x_wconf 91' lang='lat' dir='ltr'>con-</span> 
     </span>
     <span class='ocr_line' id='line_1_15' title="bbox 210 1967 1206 2051; baseline -0.003 -18"><span class='ocrx_word' id='word_1_101' title='bbox 210 1971 430 2033; x_wconf 84' lang='lat' dir='ltr'>sumocionern</span> <span class='ocrx_word' id='word_1_102' title='bbox 452 1968 564 2031; x_wconf 83' lang='lat' dir='ltr'>seculi.</span> <span class='ocrx_word' id='word_1_103' title='bbox 589 1967 673 2032; x_wconf 85' lang='lat' dir='ltr'>Cum</span> <span class='ocrx_word' id='word_1_104' title='bbox 698 1967 784 2030; x_wconf 89' lang='lat' dir='ltr'>enim</span> <span class='ocrx_word' id='word_1_105' title='bbox 801 1969 978 2032; x_wconf 89' lang='lat' dir='ltr'>secundum</span> <span class='ocrx_word' id='word_1_106' title='bbox 996 1967 1092 2031; x_wconf 88' lang='lat' dir='ltr'>fidem</span> <span class='ocrx_word' id='word_1_107' title='bbox 1108 1969 1206 2051; x_wconf 89' lang='lat' dir='ltr'>scrip-</span> 
     </span>
     <span class='ocr_line' id='line_1_16' title="bbox 170 2071 1207 2158; baseline -0.002 -19"><span class='ocrx_word' id='word_1_108' title='bbox 170 2080 283 2139; x_wconf 71' lang='lat' dir='ltr'>riture</span> <span class='ocrx_word' id='word_1_109' title='bbox 308 2073 405 2136; x_wconf 92' lang='lat' dir='ltr'>l·lebr.</span> <span class='ocrx_word' id='word_1_110' title='bbox 432 2073 487 2153; x_wconf 91' lang='lat' dir='ltr'>ll⁰,</span> <span class='ocrx_word' id='word_1_111' title='bbox 516 2094 552 2158; x_wconf 87' lang='lat'>17</span> <span class='ocrx_word' id='word_1_112' title='bbox 577 2071 725 2137; x_wconf 89' lang='lat' dir='ltr'>Christus</span> <span class='ocrx_word' id='word_1_113' title='bbox 749 2073 789 2137; x_wconf 91' lang='lat' dir='ltr'>sit</span> <span class='ocrx_word' id='word_1_114' title='bbox 812 2073 907 2136; x_wconf 82' lang='lat' dir='ltr'>irater</span> <span class='ocrx_word' id='word_1_115' title='bbox 930 2087 1048 2152; x_wconf 84' lang='lat' dir='ltr'>noster,</span> <span class='ocrx_word' id='word_1_116' title='bbox 1081 2073 1207 2137; x_wconf 87' lang='lat' dir='ltr'>videtur</span> 
     </span>
     <span class='ocr_line' id='line_1_17' title="bbox 211 2178 1207 2264; baseline -0.001 -22"><span class='ocrx_word' id='word_1_117' title='bbox 211 2179 299 2264; x_wconf 93' lang='lat' dir='ltr'>quod</span> <span class='ocrx_word' id='word_1_118' title='bbox 327 2191 450 2261; x_wconf 88' lang='lat' dir='ltr'>spectat</span> <span class='ocrx_word' id='word_1_119' title='bbox 477 2178 604 2241; x_wconf 87' lang='lat' dir='ltr'>caritati</span> <span class='ocrx_word' id='word_1_120' title='bbox 632 2197 690 2241; x_wconf 86' lang='lat' dir='ltr'>sue</span> <span class='ocrx_word' id='word_1_121' title='bbox 718 2179 806 2262; x_wconf 85' lang='lat' dir='ltr'>quol</span> <span class='ocrx_word' id='word_1_122' title='bbox 834 2179 874 2241; x_wconf 91' lang='lat' dir='ltr'>sit</span> <span class='ocrx_word' id='word_1_123' title='bbox 901 2180 1015 2240; x_wconf 86' lang='lat' dir='ltr'>saltem</span> <span class='ocrx_word' id='word_1_124' title='bbox 1043 2179 1073 2240; x_wconf 92' lang='lat' dir='ltr'>in</span> <span class='ocrx_word' id='word_1_125' title='bbox 1100 2194 1207 2241; x_wconf 86' lang='lat' dir='ltr'>mente</span> 
     </span>
     <span class='ocr_line' id='line_1_18' title="bbox 210 2282 1206 2363; baseline -0.002 -15"><span class='ocrx_word' id='word_1_126' title='bbox 210 2303 284 2348; x_wconf 89' lang='lat' dir='ltr'>cum</span> <span class='ocrx_word' id='word_1_127' title='bbox 309 2282 461 2346; x_wconf 85' lang='lat' dir='ltr'>iratribus</span> <span class='ocrx_word' id='word_1_128' title='bbox 486 2283 575 2344; x_wconf 82' lang='lat' dir='ltr'>iuxta</span> <span class='ocrx_word' id='word_1_129' title='bbox 599 2282 679 2345; x_wconf 93' lang='lat' dir='ltr'>illud</span> <span class='ocrx_word' id='word_1_130' title='bbox 705 2283 804 2347; x_wconf 88' lang='lat' dir='ltr'>Math.</span> <span class='ocrx_word' id='word_1_131' title='bbox 822 2283 952 2363; x_wconf 90' lang='lat' dir='ltr'>XVlll⁰,</span> <span class='ocrx_word' id='word_1_132' title='bbox 974 2299 1028 2345; x_wconf 88' lang='lat'>20:</span> <span class='ocrx_word' id='word_1_133' title='bbox 1059 2283 1119 2345; x_wconf 85' lang='lat' dir='ltr'>Ubi</span> <span class='ocrx_word' id='word_1_134' title='bbox 1141 2284 1206 2346; x_wconf 86' lang='lat' dir='ltr'>duo</span> 
     </span>
     <span class='ocr_line' id='line_1_19' title="bbox 211 2389 1204 2473; baseline 0.001 -22"><span class='ocrx_word' id='word_1_135' title='bbox 211 2390 343 2452; x_wconf 80' lang='lat' dir='ltr'>veltres</span> <span class='ocrx_word' id='word_1_136' title='bbox 359 2389 556 2471; x_wconf 79' lang='lat' dir='ltr'>congregati</span> <span class='ocrx_word' id='word_1_137' title='bbox 571 2400 648 2451; x_wconf 84' lang='lat' dir='ltr'>sunt</span> <span class='ocrx_word' id='word_1_138' title='bbox 671 2389 703 2450; x_wconf 90' lang='lat' dir='ltr'>in</span> <span class='ocrx_word' id='word_1_139' title='bbox 728 2390 857 2451; x_wconf 86' lang='lat' dir='ltr'>nornine</span> <span class='ocrx_word' id='word_1_140' title='bbox 880 2408 960 2464; x_wconf 84' lang='lat' dir='ltr'>rrreo,</span> <span class='ocrx_word' id='word_1_141' title='bbox 984 2390 1027 2451; x_wconf 88' lang='lat' dir='ltr'>ibi</span> <span class='ocrx_word' id='word_1_142' title='bbox 1047 2407 1119 2451; x_wconf 81' lang='lat' dir='ltr'>suin</span> <span class='ocrx_word' id='word_1_143' title='bbox 1144 2409 1204 2473; x_wconf 81' lang='lat' dir='ltr'>ego</span> 
     </span>
     <span class='ocr_line' id='line_1_20' title="bbox 210 2493 1205 2576; baseline 0 -20"><span class='ocrx_word' id='word_1_144' title='bbox 210 2495 242 2556; x_wconf 89' lang='lat' dir='ltr'>in</span> <span class='ocrx_word' id='word_1_145' title='bbox 276 2494 380 2557; x_wconf 85' lang='lat' dir='ltr'>medio</span> <span class='ocrx_word' id='word_1_146' title='bbox 417 2512 543 2556; x_wconf 85' lang='lat' dir='ltr'>corum.</span> <span class='ocrx_word' id='word_1_147' title='bbox 592 2493 626 2556; x_wconf 87' lang='lat' dir='ltr'>Si</span> <span class='ocrx_word' id='word_1_148' title='bbox 660 2493 749 2556; x_wconf 92' lang='lat' dir='ltr'>enim</span> <span class='ocrx_word' id='word_1_149' title='bbox 787 2494 965 2557; x_wconf 90' lang='lat' dir='ltr'>secundum</span> <span class='ocrx_word' id='word_1_150' title='bbox 1004 2494 1205 2576; x_wconf 77' lang='lat' dir='ltr'>evangelium</span> 
     </span>
     <span class='ocr_line' id='line_1_21' title="bbox 165 2598 1204 2681; baseline 0.001 -21"><span class='ocrx_word' id='word_1_151' title='bbox 165 2620 199 2654; x_wconf 85' lang='lat'>20</span> <span class='ocrx_word' id='word_1_152' title='bbox 211 2598 356 2681; x_wconf 81' lang='lat' dir='ltr'>Apostoli</span> <span class='ocrx_word' id='word_1_153' title='bbox 386 2599 598 2661; x_wconf 81' lang='lat' dir='ltr'>conversacio</span> <span class='ocrx_word' id='word_1_154' title='bbox 626 2600 848 2681; x_wconf 83' lang='lat' dir='ltr'>apostolorum</span> <span class='ocrx_word' id='word_1_155' title='bbox 877 2599 909 2660; x_wconf 90' lang='lat' dir='ltr'>in</span> <span class='ocrx_word' id='word_1_156' title='bbox 937 2613 1018 2662; x_wconf 90' lang='lat' dir='ltr'>terra</span> <span class='ocrx_word' id='word_1_157' title='bbox 1043 2599 1204 2661; x_wconf 85' lang='lat' dir='ltr'>viancium</span> 
     </span>
     <span class='ocr_line' id='line_1_22' title="bbox 207 2701 1204 2787; baseline -0.002 -21"><span class='ocrx_word' id='word_1_158' title='bbox 207 2714 255 2767; x_wconf 82' lang='lat' dir='ltr'>est</span> <span class='ocrx_word' id='word_1_159' title='bbox 281 2704 314 2766; x_wconf 90' lang='lat' dir='ltr'>in</span> <span class='ocrx_word' id='word_1_160' title='bbox 344 2704 421 2767; x_wconf 88' lang='lat' dir='ltr'>celis</span> <span class='ocrx_word' id='word_1_161' title='bbox 454 2701 505 2787; x_wconf 91' lang='lat' dir='ltr'>(ut</span> <span class='ocrx_word' id='word_1_162' title='bbox 538 2703 656 2766; x_wconf 91' lang='lat' dir='ltr'>dicitur</span> <span class='ocrx_word' id='word_1_163' title='bbox 684 2703 765 2766; x_wconf 88' lang='lat' dir='ltr'>Phil.</span> <span class='ocrx_word' id='word_1_164' title='bbox 795 2703 864 2786; x_wconf 91' lang='lat' dir='ltr'>lll⁰,</span> <span class='ocrx_word' id='word_1_165' title='bbox 897 2723 947 2782; x_wconf 81' lang='lat'>20,</span> <span class='ocrx_word' id='word_1_166' title='bbox 981 2719 1011 2766; x_wconf 87' lang='lat' dir='ltr'>et</span> <span class='ocrx_word' id='word_1_167' title='bbox 1042 2725 1059 2765; x_wconf 88' lang='lat' dir='ltr'>a</span> <span class='ocrx_word' id='word_1_168' title='bbox 1088 2706 1204 2767; x_wconf 87' lang='lat' dir='ltr'>sanctis</span> 
     </span>
     <span class='ocr_line' id='line_1_23' title="bbox 206 2808 1203 2891; baseline -0.001 -20"><span class='ocrx_word' id='word_1_169' title='bbox 206 2809 403 2891; x_wconf 82' lang='lat' dir='ltr'>exponitur),</span> <span class='ocrx_word' id='word_1_170' title='bbox 428 2808 616 2871; x_wconf 85' lang='lat' dir='ltr'>evidentius</span> <span class='ocrx_word' id='word_1_171' title='bbox 641 2809 748 2870; x_wconf 90' lang='lat' dir='ltr'>anima</span> <span class='ocrx_word' id='word_1_172' title='bbox 761 2808 878 2872; x_wconf 85' lang='lat' dir='ltr'>Christi</span> <span class='ocrx_word' id='word_1_173' title='bbox 896 2825 942 2871; x_wconf 90' lang='lat' dir='ltr'>est</span> <span class='ocrx_word' id='word_1_174' title='bbox 961 2809 1203 2872; x_wconf 86' lang='lat' dir='ltr'>cumfratribus</span> 
     </span>
     <span class='ocr_line' id='line_1_24' title="bbox 207 2912 1203 2999; baseline 0 -22"><span class='ocrx_word' id='word_1_175' title='bbox 207 2914 324 2999; x_wconf 92' lang='lat' dir='ltr'>quibus</span> <span class='ocrx_word' id='word_1_176' title='bbox 348 2912 498 2977; x_wconf 85' lang='lat' dir='ltr'>allicitur.</span> <span class='ocrx_word' id='word_1_177' title='bbox 524 2914 577 2978; x_wconf 89' lang='lat' dir='ltr'>Sic</span> <span class='ocrx_word' id='word_1_178' title='bbox 602 2915 689 2976; x_wconf 89' lang='lat' dir='ltr'>enim</span> <span class='ocrx_word' id='word_1_179' title='bbox 712 2913 830 2996; x_wconf 84' lang='lat' dir='ltr'>legitur</span> <span class='ocrx_word' id='word_1_180' title='bbox 853 2914 905 2977; x_wconf 90' lang='lat' dir='ltr'>lV.</span> <span class='ocrx_word' id='word_1_181' title='bbox 926 2915 1003 2997; x_wconf 86' lang='lat' dir='ltr'>Reg.</span> <span class='ocrx_word' id='word_1_182' title='bbox 1021 2916 1076 2995; x_wconf 91' lang='lat' dir='ltr'>V0,</span> <span class='ocrx_word' id='word_1_183' title='bbox 1100 2916 1139 2976; x_wconf 84' lang='lat'>26</span> <span class='ocrx_word' id='word_1_184' title='bbox 1164 2918 1203 2977; x_wconf 91' lang='lat' dir='ltr'>de</span> 
     </span>
     <span class='ocr_line' id='line_1_25' title="bbox 207 3018 1204 3083; baseline 0 -1"><span class='ocrx_word' id='word_1_185' title='bbox 207 3020 315 3082; x_wconf 84' lang='lat' dir='ltr'>Elizeo</span> <span class='ocrx_word' id='word_1_186' title='bbox 343 3018 486 3082; x_wconf 89' lang='lat' dir='ltr'>multum</span> <span class='ocrx_word' id='word_1_187' title='bbox 515 3019 656 3081; x_wconf 89' lang='lat' dir='ltr'>distante</span> <span class='ocrx_word' id='word_1_188' title='bbox 684 3039 702 3081; x_wconf 90' lang='lat' dir='ltr'>a</span> <span class='ocrx_word' id='word_1_189' title='bbox 737 3018 813 3082; x_wconf 88' lang='lat' dir='ltr'>Gezi</span> <span class='ocrx_word' id='word_1_190' title='bbox 843 3034 874 3082; x_wconf 94' lang='lat' dir='ltr'>et</span> <span class='ocrx_word' id='word_1_191' title='bbox 898 3020 1057 3083; x_wconf 87' lang='lat' dir='ltr'>Naaman:</span> <span class='ocrx_word' id='word_1_192' title='bbox 1091 3021 1204 3083; x_wconf 85' lang='lat' dir='ltr'>Nonne</span> 
     </span>
     <span class='ocr_line' id='line_1_26' title="bbox 162 3125 1202 3206; baseline 0 -19"><span class='ocrx_word' id='word_1_193' title='bbox 162 3128 194 3179; x_wconf 80' lang='lat'>25</span> <span class='ocrx_word' id='word_1_194' title='bbox 205 3145 263 3187; x_wconf 89' lang='lat' dir='ltr'>cor</span> <span class='ocrx_word' id='word_1_195' title='bbox 278 3144 385 3187; x_wconf 78' lang='lat' dir='ltr'>nienm</span> <span class='ocrx_word' id='word_1_196' title='bbox 401 3126 435 3187; x_wconf 88' lang='lat' dir='ltr'>in</span> <span class='ocrx_word' id='word_1_197' title='bbox 447 3125 597 3205; x_wconf 82' lang='lat' dir='ltr'>presenti</span> <span class='ocrx_word' id='word_1_198' title='bbox 618 3135 700 3203; x_wconf 82' lang='lat' dir='ltr'>erat,</span> <span class='ocrx_word' id='word_1_199' title='bbox 725 3125 856 3206; x_wconf 85' lang='lat' dir='ltr'>qnando</span> <span class='ocrx_word' id='word_1_200' title='bbox 879 3144 1029 3188; x_wconf 75' lang='lat' dir='ltr'>reversus</span> <span class='ocrx_word' id='word_1_201' title='bbox 1045 3136 1093 3189; x_wconf 84' lang='lat' dir='ltr'>est</span> <span class='ocrx_word' id='word_1_202' title='bbox 1109 3127 1202 3188; x_wconf 85' lang='lat' dir='ltr'>ironro</span> 
     </span>
     <span class='ocr_line' id='line_1_27' title="bbox 205 3229 1203 3294; baseline 0.001 -2"><span class='ocrx_word' id='word_1_203' title='bbox 205 3231 244 3294; x_wconf 84' lang='lat' dir='ltr'>de</span> <span class='ocrx_word' id='word_1_204' title='bbox 260 3250 363 3292; x_wconf 88' lang='lat' dir='ltr'>curru</span> <span class='ocrx_word' id='word_1_205' title='bbox 379 3249 439 3293; x_wconf 89' lang='lat' dir='ltr'>sno</span> <span class='ocrx_word' id='word_1_206' title='bbox 456 3230 488 3291; x_wconf 92' lang='lat' dir='ltr'>in</span> <span class='ocrx_word' id='word_1_207' title='bbox 505 3249 674 3292; x_wconf 85' lang='lat' dir='ltr'>occursum</span> <span class='ocrx_word' id='word_1_208' title='bbox 691 3230 739 3292; x_wconf 86' lang='lat' dir='ltr'>tui</span> <span class='ocrx_word' id='word_1_209' title='bbox 748 3229 767 3291; x_wconf 77' lang='lat' dir='ltr'><em>P</em></span> <span class='ocrx_word' id='word_1_210' title='bbox 790 3229 881 3292; x_wconf 86' lang='lat' dir='ltr'>Talia</span> <span class='ocrx_word' id='word_1_211' title='bbox 903 3244 977 3293; x_wconf 88' lang='lat' dir='ltr'>sunt</span> <span class='ocrx_word' id='word_1_212' title='bbox 1001 3230 1102 3292; x_wconf 88' lang='lat' dir='ltr'>multa</span> <span class='ocrx_word' id='word_1_213' title='bbox 1120 3230 1203 3293; x_wconf 89' lang='lat' dir='ltr'>dicta</span> 
     </span>
     <span class='ocr_line' id='line_1_28' title="bbox 206 3333 1202 3418; baseline 0.001 -21"><span class='ocrx_word' id='word_1_214' title='bbox 206 3352 237 3398; x_wconf 91' lang='lat' dir='ltr'>et</span> <span class='ocrx_word' id='word_1_215' title='bbox 266 3350 456 3418; x_wconf 83' lang='lat' dir='ltr'>argumenta</span> <span class='ocrx_word' id='word_1_216' title='bbox 486 3334 666 3418; x_wconf 87' lang='lat' dir='ltr'>exquibus</span> <span class='ocrx_word' id='word_1_217' title='bbox 696 3349 762 3397; x_wconf 88' lang='lat' dir='ltr'>tam</span> <span class='ocrx_word' id='word_1_218' title='bbox 790 3333 898 3397; x_wconf 87' lang='lat' dir='ltr'>fideles</span> <span class='ocrx_word' id='word_1_219' title='bbox 927 3355 1023 3418; x_wconf 91' lang='lat' dir='ltr'>quam</span> <span class='ocrx_word' id='word_1_220' title='bbox 1058 3334 1202 3398; x_wconf 87' lang='lat' dir='ltr'>infideles</span> 
     </span>
     <span class='ocr_line' id='line_1_29' title="bbox 205 3439 1200 3522; baseline -0.001 -20"><span class='ocrx_word' id='word_1_221' title='bbox 205 3440 401 3502; x_wconf 82' lang='lat' dir='ltr'>convincunt</span> <span class='ocrx_word' id='word_1_222' title='bbox 442 3442 531 3522; x_wconf 92' lang='lat' dir='ltr'>quod</span> <span class='ocrx_word' id='word_1_223' title='bbox 571 3439 679 3502; x_wconf 90' lang='lat' dir='ltr'>anima</span> <span class='ocrx_word' id='word_1_224' title='bbox 718 3439 859 3503; x_wconf 89' lang='lat' dir='ltr'>hominis</span> <span class='ocrx_word' id='word_1_225' title='bbox 896 3456 943 3503; x_wconf 91' lang='lat' dir='ltr'>est</span> <span class='ocrx_word' id='word_1_226' title='bbox 988 3440 1108 3502; x_wconf 90' lang='lat' dir='ltr'>nedum</span> <span class='ocrx_word' id='word_1_227' title='bbox 1148 3441 1200 3502; x_wconf 92' lang='lat' dir='ltr'>ubi</span> 
     </span>
     <span class='ocr_line' id='line_1_30' title="bbox 204 3544 1200 3629; baseline 0.002 -23"><span class='ocrx_word' id='word_1_228' title='bbox 204 3544 353 3626; x_wconf 85' lang='lat' dir='ltr'>allicitur,</span> <span class='ocrx_word' id='word_1_229' title='bbox 389 3547 444 3607; x_wconf 89' lang='lat' dir='ltr'>sed</span> <span class='ocrx_word' id='word_1_230' title='bbox 480 3544 583 3607; x_wconf 88' lang='lat' dir='ltr'>eciam</span> <span class='ocrx_word' id='word_1_231' title='bbox 618 3544 673 3607; x_wconf 91' lang='lat' dir='ltr'>ubi</span> <span class='ocrx_word' id='word_1_232' title='bbox 696 3566 715 3607; x_wconf 91' lang='lat' dir='ltr'>a</span> <span class='ocrx_word' id='word_1_233' title='bbox 741 3546 809 3607; x_wconf 88' lang='lat' dir='ltr'>Deo</span> <span class='ocrx_word' id='word_1_234' title='bbox 843 3547 974 3627; x_wconf 91' lang='lat' dir='ltr'>ponitur</span> <span class='ocrx_word' id='word_1_235' title='bbox 1006 3546 1045 3607; x_wconf 90' lang='lat' dir='ltr'>ad</span> <span class='ocrx_word' id='word_1_236' title='bbox 1079 3546 1200 3629; x_wconf 84' lang='lat' dir='ltr'>aliquid</span> 
     </span>
     <span class='ocr_line' id='line_1_31' title="bbox 161 3649 1398 3733; baseline 0.002 -22"><span class='ocrx_word' id='word_1_237' title='bbox 161 3649 408 3733; x_wconf 72' lang='lat' dir='ltr'>iosingulariter</span> <span class='ocrx_word' id='word_1_238' title='bbox 448 3651 724 3733; x_wconf 84' lang='lat' dir='ltr'>cognoscendum.</span> <span class='ocrx_word' id='word_1_239' title='bbox 772 3652 889 3714; x_wconf 89' lang='lat' dir='ltr'>Modus</span> <span class='ocrx_word' id='word_1_240' title='bbox 927 3667 1034 3714; x_wconf 89' lang='lat' dir='ltr'>autem</span> <span class='ocrx_word' id='word_1_241' title='bbox 1073 3652 1198 3714; x_wconf 89' lang='lat' dir='ltr'>essendi</span> <span class='ocrx_word' id='word_1_242' title='bbox 1236 3658 1398 3705; x_wconf 57' lang='lat' dir='ltr'>sacr“nemu</span> 
     </span>
    </p>
   </div>
   <div class='ocr_carea' id='block_1_5' title="bbox 203 3710 1415 3820">
    <p class='ocr_par' dir='ltr' id='par_1_5' title="bbox 203 3710 1415 3820">
     <span class='ocr_line' id='line_1_32' title="bbox 203 3710 1415 3820; baseline -0.002 -3"><span class='ocrx_word' id='word_1_243' title='bbox 203 3756 439 3819; x_wconf 87' lang='lat' dir='ltr'>sacramentalis</span> <span class='ocrx_word' id='word_1_244' title='bbox 482 3756 555 3817; x_wconf 89' lang='lat' dir='ltr'>licet</span> <span class='ocrx_word' id='word_1_245' title='bbox 598 3756 739 3818; x_wconf 89' lang='lat' dir='ltr'>varietur</span> <span class='ocrx_word' id='word_1_246' title='bbox 777 3757 809 3818; x_wconf 92' lang='lat' dir='ltr'>in</span> <span class='ocrx_word' id='word_1_247' title='bbox 849 3756 975 3820; x_wconf 88' lang='lat' dir='ltr'>Christo</span> <span class='ocrx_word' id='word_1_248' title='bbox 1020 3710 1415 3819; x_wconf 56' lang='lat' dir='ltr'>secundumspecuhqisgnlhe</span> 
     </span>
    </p>
   </div>
   <div class='ocr_carea' id='block_1_6' title="bbox 200 3995 1202 4474">
    <p class='ocr_par' dir='ltr' id='par_1_6' title="bbox 200 3995 1202 4474">
     <span class='ocr_line' id='line_1_33' title="bbox 254 3995 1202 4053; baseline 0.004 -15"><span class='ocrx_word' id='word_1_249' title='bbox 254 4007 274 4039; x_wconf 85' lang='lat' dir='ltr'>a.</span> <span class='ocrx_word' id='word_1_250' title='bbox 289 3995 320 4039; x_wconf 83' lang='lat' dir='ltr'>E:</span> <span class='ocrx_word' id='word_1_251' title='bbox 338 3997 477 4040; x_wconf 77' lang='lat' dir='ltr'>sensibilem.</span> <span class='ocrx_word' id='word_1_252' title='bbox 551 4011 574 4047; x_wconf 74' lang='lat' dir='ltr'>s.</span> <span class='ocrx_word' id='word_1_253' title='bbox 591 3997 686 4041; x_wconf 70' lang='lat' dir='ltr'>auct:</span> <span class='ocrx_word' id='word_1_254' title='bbox 705 4003 761 4042; x_wconf 79' lang='lat' dir='ltr'>arro</span> <span class='ocrx_word' id='word_1_255' title='bbox 772 3998 926 4053; x_wconf 78' lang='lat' dir='ltr'>presenciam.</span> <span class='ocrx_word' id='word_1_256' title='bbox 999 3999 1017 4042; x_wconf 78' lang='lat'>5.</span> <span class='ocrx_word' id='word_1_257' title='bbox 1032 4000 1066 4042; x_wconf 84' lang='lat' dir='ltr'>A:</span> <span class='ocrx_word' id='word_1_258' title='bbox 1086 4000 1202 4042; x_wconf 79' lang='lat' dir='ltr'>credimus</span> 
     </span>
     <span class='ocr_line' id='line_1_34' title="bbox 201 4067 1200 4124; baseline 0.003 -15"><span class='ocrx_word' id='word_1_259' title='bbox 201 4068 349 4118; x_wconf 62' lang='lat' dir='ltr'>oracionem·</span> <span class='ocrx_word' id='word_1_260' title='bbox 363 4079 425 4111; x_wconf 88' lang='lat' dir='ltr'>corr.</span> <span class='ocrx_word' id='word_1_261' title='bbox 437 4069 459 4110; x_wconf 92' lang='lat' dir='ltr'>in</span> <span class='ocrx_word' id='word_1_262' title='bbox 473 4080 561 4122; x_wconf 52' lang='grc' dir='ltr'>ωαψς</span> <span class='ocrx_word' id='word_1_263' title='bbox 578 4067 612 4110; x_wconf 79' lang='lat' dir='ltr'>ll:</span> <span class='ocrx_word' id='word_1_264' title='bbox 627 4068 811 4112; x_wconf 72' lang='lat' dir='ltr'>ordinacionem.</span> <span class='ocrx_word' id='word_1_265' title='bbox 867 4080 887 4122; x_wconf 81' lang='lat'>7.</span> <span class='ocrx_word' id='word_1_266' title='bbox 899 4067 992 4111; x_wconf 68' lang='lat' dir='ltr'>nucu:</span> <span class='ocrx_word' id='word_1_267' title='bbox 1008 4075 1098 4124; x_wconf 54' lang='lat' dir='ltr'>etprim-</span> <span class='ocrx_word' id='word_1_268' title='bbox 1115 4070 1134 4111; x_wconf 85' lang='lat' dir='ltr'>ll</span> <span class='ocrx_word' id='word_1_269' title='bbox 1149 4082 1200 4112; x_wconf 89' lang='lat' dir='ltr'>cnr·</span> 
     </span>
     <span class='ocr_line' id='line_1_35' title="bbox 202 4137 1199 4194; baseline 0.002 -14"><span class='ocrx_word' id='word_1_270' title='bbox 202 4137 259 4181; x_wconf 81' lang='lat' dir='ltr'>rexit</span> <span class='ocrx_word' id='word_1_271' title='bbox 270 4137 292 4180; x_wconf 88' lang='lat' dir='ltr'>in</span> <span class='ocrx_word' id='word_1_272' title='bbox 305 4149 378 4191; x_wconf 81' lang='lat' dir='ltr'>marg.</span> <span class='ocrx_word' id='word_1_273' title='bbox 389 4138 434 4181; x_wconf 86' lang='lat' dir='ltr'>alia</span> <span class='ocrx_word' id='word_1_274' title='bbox 445 4150 529 4180; x_wconf 85' lang='lat' dir='ltr'>uranu:</span> <span class='ocrx_word' id='word_1_275' title='bbox 545 4138 579 4180; x_wconf 89' lang='lat' dir='ltr'>in.</span> <span class='ocrx_word' id='word_1_276' title='bbox 634 4152 656 4193; x_wconf 82' lang='lat'>9.</span> <span class='ocrx_word' id='word_1_277' title='bbox 669 4137 699 4181; x_wconf 72' lang='lat' dir='ltr'>E:</span> <span class='ocrx_word' id='word_1_278' title='bbox 714 4139 778 4194; x_wconf 76' lang='lat' dir='ltr'>qriod</span> <span class='ocrx_word' id='word_1_279' title='bbox 786 4138 857 4181; x_wconf 80' lang='lat' dir='ltr'>deest.</span> <span class='ocrx_word' id='word_1_280' title='bbox 914 4150 941 4183; x_wconf 69' lang='lat' dir='ltr'>rr,</span> <span class='ocrx_word' id='word_1_281' title='bbox 953 4137 983 4182; x_wconf 88' lang='lat' dir='ltr'>C:</span> <span class='ocrx_word' id='word_1_282' title='bbox 997 4144 1074 4194; x_wconf 79' lang='lat' dir='ltr'>poles!</span> <span class='ocrx_word' id='word_1_283' title='bbox 1088 4140 1110 4182; x_wconf 88' lang='lat' dir='ltr'>iu</span> <span class='ocrx_word' id='word_1_284' title='bbox 1126 4152 1199 4193; x_wconf 72' lang='lat' dir='ltr'>marg.</span> 
     </span>
     <span class='ocr_line' id='line_1_36' title="bbox 201 4207 1199 4264; baseline 0.002 -15"><span class='ocrx_word' id='word_1_285' title='bbox 201 4207 245 4250; x_wconf 84' lang='lat' dir='ltr'>alia</span> <span class='ocrx_word' id='word_1_286' title='bbox 261 4219 339 4250; x_wconf 88' lang='lat' dir='ltr'>manu.</span> <span class='ocrx_word' id='word_1_287' title='bbox 417 4220 446 4261; x_wconf 78' lang='lat'>¹7·</span> <span class='ocrx_word' id='word_1_288' title='bbox 463 4208 496 4251; x_wconf 89' lang='lat' dir='ltr'>D:</span> <span class='ocrx_word' id='word_1_289' title='bbox 516 4213 594 4251; x_wconf 76' lang='lat' dir='ltr'>arinen</span> <span class='ocrx_word' id='word_1_290' title='bbox 609 4221 669 4251; x_wconf 74' lang='lat' dir='ltr'>curn.</span> <span class='ocrx_word' id='word_1_291' title='bbox 742 4208 772 4250; x_wconf 83' lang='lat'>18.</span> <span class='ocrx_word' id='word_1_292' title='bbox 787 4207 883 4252; x_wconf 75' lang='lat' dir='ltr'>Alle&#39;:</span> <span class='ocrx_word' id='word_1_293' title='bbox 896 4209 1008 4264; x_wconf 77' lang='lat' dir='ltr'>srrcrini‚·</span> <span class='ocrx_word' id='word_1_294' title='bbox 1027 4209 1045 4253; x_wconf 86' lang='lat' dir='ltr'>C</span> <span class='ocrx_word' id='word_1_295' title='bbox 1060 4210 1161 4253; x_wconf 80' lang='lat' dir='ltr'>correxit</span> <span class='ocrx_word' id='word_1_296' title='bbox 1176 4209 1199 4252; x_wconf 92' lang='lat' dir='ltr'>in</span> 
     </span>
     <span class='ocr_line' id='line_1_37' title="bbox 202 4277 1198 4335; baseline 0.001 -16"><span class='ocrx_word' id='word_1_297' title='bbox 202 4289 274 4332; x_wconf 77' lang='lat' dir='ltr'>marg.</span> <span class='ocrx_word' id='word_1_298' title='bbox 285 4277 329 4320; x_wconf 88' lang='lat' dir='ltr'>alia</span> <span class='ocrx_word' id='word_1_299' title='bbox 342 4290 420 4320; x_wconf 86' lang='lat' dir='ltr'>manu.</span> <span class='ocrx_word' id='word_1_300' title='bbox 475 4289 511 4321; x_wconf 84' lang='lat' dir='ltr'>ao.</span> <span class='ocrx_word' id='word_1_301' title='bbox 528 4278 548 4322; x_wconf 86' lang='lat' dir='ltr'>C</span> <span class='ocrx_word' id='word_1_302' title='bbox 564 4278 586 4321; x_wconf 92' lang='lat' dir='ltr'>in</span> <span class='ocrx_word' id='word_1_303' title='bbox 603 4290 677 4333; x_wconf 78' lang='lat' dir='ltr'>marg.</span> <span class='ocrx_word' id='word_1_304' title='bbox 688 4278 731 4321; x_wconf 88' lang='lat' dir='ltr'>alia</span> <span class='ocrx_word' id='word_1_305' title='bbox 743 4289 827 4321; x_wconf 83' lang='lat' dir='ltr'>mann:</span> <span class='ocrx_word' id='word_1_306' title='bbox 843 4280 866 4322; x_wconf 87' lang='lat' dir='ltr'>in</span> <span class='ocrx_word' id='word_1_307' title='bbox 881 4285 953 4323; x_wconf 81' lang='lat' dir='ltr'>terra.</span> <span class='ocrx_word' id='word_1_308' title='bbox 1008 4278 1042 4322; x_wconf 80' lang='lat'>23.</span> <span class='ocrx_word' id='word_1_309' title='bbox 1053 4279 1084 4323; x_wconf 90' lang='lat' dir='ltr'>C:</span> <span class='ocrx_word' id='word_1_310' title='bbox 1100 4290 1128 4330; x_wconf 65' lang='grc' dir='ltr'>,ιι</span> <span class='ocrx_word' id='word_1_311' title='bbox 1138 4279 1198 4335; x_wconf 78' lang='lat' dir='ltr'>Reg.</span> 
     </span>
     <span class='ocr_line' id='line_1_38' title="bbox 200 4344 1198 4403; baseline 0.007 -14"><span class='ocrx_word' id='word_1_312' title='bbox 200 4356 236 4396; x_wconf 68' lang='lat' dir='ltr'>aa.</span> <span class='ocrx_word' id='word_1_313' title='bbox 248 4347 280 4389; x_wconf 79' lang='lat' dir='ltr'>b:</span> <span class='ocrx_word' id='word_1_314' title='bbox 294 4344 357 4403; x_wconf 60' lang='lat' dir='ltr'>Jegy.</span> <span class='ocrx_word' id='word_1_315' title='bbox 404 4347 435 4391; x_wconf 77' lang='lat'>25.</span> <span class='ocrx_word' id='word_1_316' title='bbox 448 4347 479 4390; x_wconf 87' lang='lat' dir='ltr'>ll:</span> <span class='ocrx_word' id='word_1_317' title='bbox 495 4348 566 4391; x_wconf 77' lang='lat' dir='ltr'>laonio</span> <span class='ocrx_word' id='word_1_318' title='bbox 581 4348 652 4391; x_wconf 79' lang='lat' dir='ltr'>deest.</span> <span class='ocrx_word' id='word_1_319' title='bbox 699 4346 790 4391; x_wconf 77' lang='lat'>26-28.</span> <span class='ocrx_word' id='word_1_320' title='bbox 802 4349 834 4391; x_wconf 76' lang='lat' dir='ltr'>ll:</span> <span class='ocrx_word' id='word_1_321' title='bbox 854 4349 920 4392; x_wconf 79' lang='lat' dir='ltr'>Talin</span> <span class='ocrx_word' id='word_1_322' title='bbox 935 4373 959 4380; x_wconf 99' lang='lat'>—</span> <span class='ocrx_word' id='word_1_323' title='bbox 973 4350 1112 4392; x_wconf 82' lang='lat' dir='ltr'>convincant</span> <span class='ocrx_word' id='word_1_324' title='bbox 1126 4349 1198 4396; x_wconf 77' lang='lat' dir='ltr'>deest.</span> 
     </span>
     <span class='ocr_line' id='line_1_39' title="bbox 200 4415 1000 4474; baseline 0 -13"><span class='ocrx_word' id='word_1_325' title='bbox 200 4426 236 4471; x_wconf 80' lang='lat'>29.</span> <span class='ocrx_word' id='word_1_326' title='bbox 252 4415 282 4461; x_wconf 85' lang='lat' dir='ltr'>B:</span> <span class='ocrx_word' id='word_1_327' title='bbox 303 4417 344 4462; x_wconf 78' lang='lat' dir='ltr'>ulii</span> <span class='ocrx_word' id='word_1_328' title='bbox 356 4417 428 4462; x_wconf 80' lang='lat' dir='ltr'>deest.</span> <span class='ocrx_word' id='word_1_329' title='bbox 485 4416 515 4463; x_wconf 78' lang='lat'>31.</span> <span class='ocrx_word' id='word_1_330' title='bbox 531 4417 564 4463; x_wconf 82' lang='lat' dir='ltr'>C:</span> <span class='ocrx_word' id='word_1_331' title='bbox 585 4418 609 4463; x_wconf 92' lang='lat' dir='ltr'>in</span> <span class='ocrx_word' id='word_1_332' title='bbox 624 4415 719 4464; x_wconf 77' lang='lat' dir='ltr'>Christo</span> <span class='ocrx_word' id='word_1_333' title='bbox 735 4417 758 4463; x_wconf 87' lang='lat' dir='ltr'>iu</span> <span class='ocrx_word' id='word_1_334' title='bbox 775 4431 848 4474; x_wconf 78' lang='lat' dir='ltr'>ntarg.</span> <span class='ocrx_word' id='word_1_335' title='bbox 864 4420 908 4465; x_wconf 83' lang='lat' dir='ltr'>alia</span> <span class='ocrx_word' id='word_1_336' title='bbox 923 4431 1000 4463; x_wconf 78' lang='lat' dir='ltr'>mann</span> 
     </span>
    </p>
   </div>
   <div class='ocr_carea' id='block_1_7' title="bbox 0 0 1528 4920">
    <p class='ocr_par' dir='ltr' id='par_1_7' title="bbox 0 0 1528 4920">
     <span class='ocr_line' id='line_1_40' title="bbox 0 0 1528 4920; baseline 0 4"><span class='ocrx_word' id='word_1_337' title='bbox 0 0 1528 4920; x_wconf 95' lang='lat' dir='ltr'> </span> 
     </span>
    </p>
   </div>
  </div>
 </body>
</html>
