<?xml version="1.0" encoding="UTF-8"?>
<!DOCTYPE html PUBLIC "-//W3C//DTD XHTML 1.0 Transitional//EN"
    "http://www.w3.org/TR/xhtml1/DTD/xhtml1-transitional.dtd">
<html xmlns="http://www.w3.org/1999/xhtml" xml:lang="en" lang="en">
 <head>
  <title>
</title>
<meta http-equiv="Content-Type" content="text/html;charset=utf-8" />
  <meta name='ocr-system' content='tesseract 3.04.00' />
  <meta name='ocr-capabilities' content='ocr_page ocr_carea ocr_par ocr_line ocrx_word'/>
</head>
<body>
  <div class='ocr_page' id='page_1' title='image "./iohanniswyclifd01losegoog/iohanniswyclifd01losegoog_0107.png"; bbox 0 0 3046 4920; ppageno 0'>
   <div class='ocr_carea' id='block_1_1' title="bbox 658 424 1314 515">
    <p class='ocr_par' dir='ltr' id='par_1_1' title="bbox 658 424 1314 515">
     <span class='ocr_line' id='line_1_1' title="bbox 658 424 1314 515; baseline -0.008 -14"><span class='ocrx_word' id='word_1_1' title='bbox 658 446 987 501; x_wconf 77' lang='lat' dir='ltr'>ronnuarswrctrr</span> <span class='ocrx_word' id='word_1_2' title='bbox 1186 424 1314 515; x_wconf 56' lang='lat' dir='ltr'>[caran.</span> 
     </span>
    </p>
   </div>
   <div class='ocr_carea' id='block_1_2' title="bbox 321 599 1314 898">
    <p class='ocr_par' dir='ltr' id='par_1_2' title="bbox 321 599 1314 898">
     <span class='ocr_line' id='line_1_2' title="bbox 323 599 1314 690; baseline -0.002 -25"><span class='ocrx_word' id='word_1_3' title='bbox 323 601 412 667; x_wconf 89' lang='lat' dir='ltr'>illam</span> <span class='ocrx_word' id='word_1_4' title='bbox 446 618 609 689; x_wconf 71' lang='lat' dir='ltr'>receperat</span> <span class='ocrx_word' id='word_1_5' title='bbox 645 626 664 669; x_wconf 89' lang='lat' dir='ltr'>a</span> <span class='ocrx_word' id='word_1_6' title='bbox 694 625 778 690; x_wconf 88' lang='lat' dir='ltr'>papa</span> <span class='ocrx_word' id='word_1_7' title='bbox 809 620 841 669; x_wconf 86' lang='lat' dir='ltr'>et</span> <span class='ocrx_word' id='word_1_8' title='bbox 868 606 983 668; x_wconf 90' lang='lat' dir='ltr'>sinodo</span> <span class='ocrx_word' id='word_1_9' title='bbox 1013 599 1246 679; x_wconf 66' lang='lat' dir='ltr'>confitendam</span> <span class='ocrx_word' id='word_1_10' title='bbox 1282 614 1314 664; x_wconf 92' lang='lat' dir='ltr'>et</span> 
     </span>
     <span class='ocr_line' id='line_1_3' title="bbox 321 704 1312 794; baseline -0.003 -24"><span class='ocrx_word' id='word_1_11' title='bbox 321 720 412 791; x_wconf 89' lang='lat' dir='ltr'>patet</span> <span class='ocrx_word' id='word_1_12' title='bbox 431 710 522 794; x_wconf 87' lang='lat' dir='ltr'>quod</span> <span class='ocrx_word' id='word_1_13' title='bbox 549 708 629 773; x_wconf 88' lang='lat' dir='ltr'>olim</span> <span class='ocrx_word' id='word_1_14' title='bbox 656 709 718 773; x_wconf 80' lang='lat' dir='ltr'>suit</span> <span class='ocrx_word' id='word_1_15' title='bbox 743 727 855 771; x_wconf 87' lang='lat' dir='ltr'>sensus</span> <span class='ocrx_word' id='word_1_16' title='bbox 881 707 1022 787; x_wconf 74' lang='lat' dir='ltr'>ecclesie,</span> <span class='ocrx_word' id='word_1_17' title='bbox 1049 716 1085 768; x_wconf 93' lang='lat' dir='ltr'>ut</span> <span class='ocrx_word' id='word_1_18' title='bbox 1110 704 1151 767; x_wconf 85' lang='lat' dir='ltr'>de</span> <span class='ocrx_word' id='word_1_19' title='bbox 1178 704 1312 767; x_wconf 89' lang='lat' dir='ltr'>articulo</span> 
     </span>
     <span class='ocr_line' id='line_1_4' title="bbox 321 810 1313 898; baseline -0.004 -23"><span class='ocrx_word' id='word_1_20' title='bbox 321 810 396 876; x_wconf 77' lang='lat' dir='ltr'>fidei</span> <span class='ocrx_word' id='word_1_21' title='bbox 424 815 516 898; x_wconf 88' lang='lat' dir='ltr'>quod</span> <span class='ocrx_word' id='word_1_22' title='bbox 541 812 636 897; x_wconf 87' lang='lat' dir='ltr'>panis</span> <span class='ocrx_word' id='word_1_23' title='bbox 661 826 694 875; x_wconf 91' lang='lat' dir='ltr'>et</span> <span class='ocrx_word' id='word_1_24' title='bbox 714 812 826 875; x_wconf 85' lang='lat' dir='ltr'>vinum</span> <span class='ocrx_word' id='word_1_25' title='bbox 855 822 1022 875; x_wconf 76' lang='lat' dir='ltr'>remanent</span> <span class='ocrx_word' id='word_1_26' title='bbox 1047 822 1123 893; x_wconf 87' lang='lat' dir='ltr'>post</span> <span class='ocrx_word' id='word_1_27' title='bbox 1149 826 1313 871; x_wconf 88' lang='lat' dir='ltr'>consecra·</span> 
     </span>
    </p>
   </div>
   <div class='ocr_carea' id='block_1_3' title="bbox 123 915 1350 3825">
    <p class='ocr_par' dir='ltr' id='par_1_3' title="bbox 322 915 866 981">
     <span class='ocr_line' id='line_1_5' title="bbox 322 915 866 981; baseline -0.007 -2"><span class='ocrx_word' id='word_1_28' title='bbox 322 916 452 981; x_wconf 88' lang='lat' dir='ltr'>cionem</span> <span class='ocrx_word' id='word_1_29' title='bbox 476 915 657 980; x_wconf 83' lang='lat' dir='ltr'>Eukaristie</span> <span class='ocrx_word' id='word_1_30' title='bbox 679 916 762 978; x_wconf 89' lang='lat' dir='ltr'>sicut</span> <span class='ocrx_word' id='word_1_31' title='bbox 782 928 866 977; x_wconf 89' lang='lat' dir='ltr'>ante.</span> 
     </span>
    </p>

    <p class='ocr_par' dir='ltr' id='par_1_4' title="bbox 322 1014 1339 1502">
     <span class='ocr_line' id='line_1_6' title="bbox 364 1014 1339 1105; baseline -0.012 -20"><span class='ocrx_word' id='word_1_32' title='bbox 364 1022 414 1085; x_wconf 82' lang='lat' dir='ltr'>Ex</span> <span class='ocrx_word' id='word_1_33' title='bbox 429 1018 549 1105; x_wconf 88' lang='lat' dir='ltr'>quibus</span> <span class='ocrx_word' id='word_1_34' title='bbox 564 1018 727 1101; x_wconf 80' lang='lat' dir='ltr'>colligitur</span> <span class='ocrx_word' id='word_1_35' title='bbox 740 1019 828 1103; x_wconf 90' lang='lat' dir='ltr'>quod</span> <span class='ocrx_word' id='word_1_36' title='bbox 844 1018 940 1081; x_wconf 86' lang='lat' dir='ltr'>altera</span> <span class='ocrx_word' id='word_1_37' title='bbox 956 1017 1090 1081; x_wconf 86' lang='lat' dir='ltr'>istarum</span> <span class='ocrx_word' id='word_1_38' title='bbox 1106 1014 1339 1080; x_wconf 76' lang='lat' dir='ltr'>ecclesiarum5</span> 
     </span>
     <span class='ocr_line' id='line_1_7' title="bbox 324 1118 1313 1208; baseline -0.005 -20"><span class='ocrx_word' id='word_1_39' title='bbox 324 1124 444 1188; x_wconf 79' lang='lat' dir='ltr'>errarit</span> <span class='ocrx_word' id='word_1_40' title='bbox 466 1123 499 1186; x_wconf 94' lang='lat' dir='ltr'>in</span> <span class='ocrx_word' id='word_1_41' title='bbox 523 1121 586 1187; x_wconf 88' lang='lat' dir='ltr'>fide</span> <span class='ocrx_word' id='word_1_42' title='bbox 610 1122 662 1186; x_wconf 82' lang='lat' dir='ltr'>rei</span> <span class='ocrx_word' id='word_1_43' title='bbox 684 1122 887 1208; x_wconf 83' lang='lat' dir='ltr'>equivocavit</span> <span class='ocrx_word' id='word_1_44' title='bbox 914 1123 946 1185; x_wconf 88' lang='lat' dir='ltr'>in</span> <span class='ocrx_word' id='word_1_45' title='bbox 969 1121 1063 1206; x_wconf 84' lang='lat' dir='ltr'>loyca</span> <span class='ocrx_word' id='word_1_46' title='bbox 1084 1120 1137 1185; x_wconf 84' lang='lat' dir='ltr'>vei</span> <span class='ocrx_word' id='word_1_47' title='bbox 1158 1118 1313 1205; x_wconf 77' lang='lat' dir='ltr'>significa·</span> 
     </span>
     <span class='ocr_line' id='line_1_8' title="bbox 325 1225 1312 1312; baseline -0.005 -19"><span class='ocrx_word' id='word_1_48' title='bbox 325 1229 431 1308; x_wconf 86' lang='lat' dir='ltr'>cione,</span> <span class='ocrx_word' id='word_1_49' title='bbox 459 1227 511 1290; x_wconf 85' lang='lat' dir='ltr'>vel</span> <span class='ocrx_word' id='word_1_50' title='bbox 538 1228 637 1291; x_wconf 86' lang='lat' dir='ltr'>tercio</span> <span class='ocrx_word' id='word_1_51' title='bbox 659 1228 750 1312; x_wconf 88' lang='lat' dir='ltr'>quod</span> <span class='ocrx_word' id='word_1_52' title='bbox 772 1227 805 1290; x_wconf 90' lang='lat' dir='ltr'>in</span> <span class='ocrx_word' id='word_1_53' title='bbox 828 1241 972 1311; x_wconf 86' lang='lat' dir='ltr'>tempore</span> <span class='ocrx_word' id='word_1_54' title='bbox 994 1226 1144 1291; x_wconf 76' lang='lat' dir='ltr'>succeseit</span> <span class='ocrx_word' id='word_1_55' title='bbox 1165 1225 1312 1289; x_wconf 87' lang='lat' dir='ltr'>credendi</span> 
     </span>
     <span class='ocr_line' id='line_1_9' title="bbox 322 1328 1310 1417; baseline -0.001 -24"><span class='ocrx_word' id='word_1_56' title='bbox 322 1333 468 1413; x_wconf 85' lang='lat' dir='ltr'>varietas,</span> <span class='ocrx_word' id='word_1_57' title='bbox 491 1331 536 1395; x_wconf 87' lang='lat' dir='ltr'>sic</span> <span class='ocrx_word' id='word_1_58' title='bbox 551 1334 642 1416; x_wconf 92' lang='lat' dir='ltr'>quod</span> <span class='ocrx_word' id='word_1_59' title='bbox 664 1331 743 1395; x_wconf 89' lang='lat' dir='ltr'>iliud</span> <span class='ocrx_word' id='word_1_60' title='bbox 763 1334 852 1417; x_wconf 93' lang='lat' dir='ltr'>quod</span> <span class='ocrx_word' id='word_1_61' title='bbox 876 1346 953 1396; x_wconf 92' lang='lat' dir='ltr'>tunc</span> <span class='ocrx_word' id='word_1_62' title='bbox 976 1330 1037 1397; x_wconf 85' lang='lat' dir='ltr'>iuit</span> <span class='ocrx_word' id='word_1_63' title='bbox 1060 1329 1214 1395; x_wconf 75' lang='lat' dir='ltr'>articulus</span> <span class='ocrx_word' id='word_1_64' title='bbox 1237 1328 1310 1393; x_wconf 85' lang='lat' dir='ltr'>fidei</span> 
     </span>
     <span class='ocr_line' id='line_1_10' title="bbox 322 1434 613 1502; baseline 0.01 -4"><span class='ocrx_word' id='word_1_65' title='bbox 322 1435 389 1499; x_wconf 89' lang='lat' dir='ltr'>iam</span> <span class='ocrx_word' id='word_1_66' title='bbox 411 1451 460 1500; x_wconf 92' lang='lat' dir='ltr'>est</span> <span class='ocrx_word' id='word_1_67' title='bbox 484 1434 613 1502; x_wconf 75' lang='lat' dir='ltr'>falsum.</span> 
     </span>
    </p>

    <p class='ocr_par' dir='ltr' id='par_1_5' title="bbox 319 1540 1350 2128">
     <span class='ocr_line' id='line_1_11' title="bbox 363 1540 1350 1626; baseline -0.002 -21"><span class='ocrx_word' id='word_1_68' title='bbox 363 1540 429 1605; x_wconf 86' lang='lat' dir='ltr'>Sed</span> <span class='ocrx_word' id='word_1_69' title='bbox 448 1555 575 1605; x_wconf 87' lang='lat' dir='ltr'>constat</span> <span class='ocrx_word' id='word_1_70' title='bbox 589 1543 697 1626; x_wconf 90' lang='lat' dir='ltr'>quoad</span> <span class='ocrx_word' id='word_1_71' title='bbox 722 1542 784 1605; x_wconf 88' lang='lat' dir='ltr'>boc</span> <span class='ocrx_word' id='word_1_72' title='bbox 798 1542 944 1623; x_wconf 88' lang='lat' dir='ltr'>tercium,</span> <span class='ocrx_word' id='word_1_73' title='bbox 966 1540 1055 1625; x_wconf 91' lang='lat' dir='ltr'>quod</span> <span class='ocrx_word' id='word_1_74' title='bbox 1079 1559 1161 1625; x_wconf 90' lang='lat' dir='ltr'>equa</span> <span class='ocrx_word' id='word_1_75' title='bbox 1185 1544 1311 1603; x_wconf 83' lang='lat' dir='ltr'>racione</span> <span class='ocrx_word' id='word_1_76' title='bbox 1325 1558 1350 1595; x_wconf 77' lang='lat' dir='ltr'>rc</span> 
     </span>
     <span class='ocr_line' id='line_1_12' title="bbox 321 1645 1312 1732; baseline 0.001 -26"><span class='ocrx_word' id='word_1_77' title='bbox 321 1665 435 1710; x_wconf 89' lang='lat' dir='ltr'>verum</span> <span class='ocrx_word' id='word_1_78' title='bbox 468 1645 550 1711; x_wconf 81' lang='lat' dir='ltr'>soret</span> <span class='ocrx_word' id='word_1_79' title='bbox 580 1648 670 1732; x_wconf 90' lang='lat' dir='ltr'>quod</span> <span class='ocrx_word' id='word_1_80' title='bbox 702 1646 794 1731; x_wconf 88' lang='lat' dir='ltr'>panis</span> <span class='ocrx_word' id='word_1_81' title='bbox 827 1660 860 1710; x_wconf 91' lang='lat' dir='ltr'>et</span> <span class='ocrx_word' id='word_1_82' title='bbox 894 1647 1008 1709; x_wconf 84' lang='lat' dir='ltr'>vinum</span> <span class='ocrx_word' id='word_1_83' title='bbox 1040 1657 1207 1710; x_wconf 86' lang='lat' dir='ltr'>remaneat</span> <span class='ocrx_word' id='word_1_84' title='bbox 1237 1658 1312 1727; x_wconf 84' lang='lat' dir='ltr'>post</span> 
     </span>
     <span class='ocr_line' id='line_1_13' title="bbox 321 1748 1312 1834; baseline -0.001 -22"><span class='ocrx_word' id='word_1_85' title='bbox 321 1750 600 1816; x_wconf 87' lang='lat' dir='ltr'>consecracionem</span> <span class='ocrx_word' id='word_1_86' title='bbox 637 1749 670 1814; x_wconf 90' lang='lat' dir='ltr'>in</span> <span class='ocrx_word' id='word_1_87' title='bbox 708 1750 898 1832; x_wconf 81' lang='lat' dir='ltr'>Eukaristia,</span> <span class='ocrx_word' id='word_1_88' title='bbox 937 1750 1020 1815; x_wconf 90' lang='lat' dir='ltr'>sicut</span> <span class='ocrx_word' id='word_1_89' title='bbox 1056 1768 1212 1834; x_wconf 88' lang='lat' dir='ltr'>umquam</span> <span class='ocrx_word' id='word_1_90' title='bbox 1251 1748 1312 1812; x_wconf 83' lang='lat' dir='ltr'>suit</span> 
     </span>
     <span class='ocr_line' id='line_1_14' title="bbox 319 1854 1310 1940; baseline -0.003 -23"><span class='ocrx_word' id='word_1_91' title='bbox 319 1875 433 1921; x_wconf 87' lang='lat' dir='ltr'>verum</span> <span class='ocrx_word' id='word_1_92' title='bbox 472 1856 525 1923; x_wconf 83' lang='lat' dir='ltr'>vel</span> <span class='ocrx_word' id='word_1_93' title='bbox 562 1855 772 1936; x_wconf 81' lang='lat' dir='ltr'>credendum3</span> <span class='ocrx_word' id='word_1_94' title='bbox 810 1856 883 1918; x_wconf 92' lang='lat' dir='ltr'>ideo</span> <span class='ocrx_word' id='word_1_95' title='bbox 921 1874 996 1919; x_wconf 89' lang='lat' dir='ltr'>cum</span> <span class='ocrx_word' id='word_1_96' title='bbox 1033 1854 1240 1940; x_wconf 86' lang='lat' dir='ltr'>equivocacio</span> <span class='ocrx_word' id='word_1_97' title='bbox 1277 1854 1310 1915; x_wconf 91' lang='lat' dir='ltr'>in</span> 
     </span>
     <span class='ocr_line' id='line_1_15' title="bbox 319 1957 1311 2044; baseline -0.004 -21"><span class='ocrx_word' id='word_1_98' title='bbox 319 1960 454 2023; x_wconf 87' lang='lat' dir='ltr'>materia</span> <span class='ocrx_word' id='word_1_99' title='bbox 471 1957 544 2023; x_wconf 86' lang='lat' dir='ltr'>fidei</span> <span class='ocrx_word' id='word_1_100' title='bbox 568 1979 635 2024; x_wconf 89' lang='lat' dir='ltr'>non</span> <span class='ocrx_word' id='word_1_101' title='bbox 659 1972 798 2038; x_wconf 85' lang='lat' dir='ltr'>excusat,</span> <span class='ocrx_word' id='word_1_102' title='bbox 821 1960 945 2023; x_wconf 85' lang='lat' dir='ltr'>videtur</span> <span class='ocrx_word' id='word_1_103' title='bbox 960 1960 1048 2044; x_wconf 91' lang='lat' dir='ltr'>quod</span> <span class='ocrx_word' id='word_1_104' title='bbox 1063 1961 1160 2023; x_wconf 88' lang='lat' dir='ltr'>altera</span> <span class='ocrx_word' id='word_1_105' title='bbox 1180 1958 1311 2021; x_wconf 88' lang='lat' dir='ltr'>ecclesia</span> 
     </span>
     <span class='ocr_line' id='line_1_16' title="bbox 320 2063 1350 2128; baseline -0.013 0"><span class='ocrx_word' id='word_1_106' title='bbox 320 2065 448 2128; x_wconf 89' lang='lat' dir='ltr'>erravit.</span> <span class='ocrx_word' id='word_1_107' title='bbox 1322 2063 1350 2116; x_wconf 77' lang='grc'>15</span> 
     </span>
    </p>

    <p class='ocr_par' dir='ltr' id='par_1_6' title="bbox 127 2170 1313 2255">
     <span class='ocr_line' id='line_1_17' title="bbox 127 2170 1313 2255; baseline 0.001 -24"><span class='ocrx_word' id='word_1_108' title='bbox 127 2184 282 2250; x_wconf 69' lang='lat' dir='ltr'>russonum</span> <span class='ocrx_word' id='word_1_109' title='bbox 368 2170 416 2233; x_wconf 83' lang='lat' dir='ltr'>Ex</span> <span class='ocrx_word' id='word_1_110' title='bbox 440 2189 508 2253; x_wconf 91' lang='lat' dir='ltr'>quo</span> <span class='ocrx_word' id='word_1_111' title='bbox 531 2182 619 2253; x_wconf 88' lang='lat' dir='ltr'>patet</span> <span class='ocrx_word' id='word_1_112' title='bbox 641 2170 748 2254; x_wconf 89' lang='lat' dir='ltr'>primo</span> <span class='ocrx_word' id='word_1_113' title='bbox 769 2172 857 2255; x_wconf 91' lang='lat' dir='ltr'>quod</span> <span class='ocrx_word' id='word_1_114' title='bbox 883 2172 1030 2233; x_wconf 86' lang='lat' dir='ltr'>Romana</span> <span class='ocrx_word' id='word_1_115' title='bbox 1052 2170 1183 2233; x_wconf 88' lang='lat' dir='ltr'>ecclesia</span> <span class='ocrx_word' id='word_1_116' title='bbox 1207 2183 1313 2252; x_wconf 85' lang='lat' dir='ltr'>potest</span> 
     </span>
    </p>

    <p class='ocr_par' dir='ltr' id='par_1_7' title="bbox 123 2240 1350 3825">
     <span class='ocr_line' id='line_1_18' title="bbox 123 2240 1310 2359; baseline 0 -22"><span class='ocrx_word' id='word_1_117' title='bbox 123 2240 288 2337; x_wconf 42' lang='lat' dir='ltr'>imiimi</span> <span class='ocrx_word' id='word_1_118' title='bbox 320 2294 424 2339; x_wconf 89' lang='lat' dir='ltr'>errare</span> <span class='ocrx_word' id='word_1_119' title='bbox 448 2274 479 2337; x_wconf 91' lang='lat' dir='ltr'>in</span> <span class='ocrx_word' id='word_1_120' title='bbox 504 2275 644 2339; x_wconf 81' lang='lat' dir='ltr'>articulis</span> <span class='ocrx_word' id='word_1_121' title='bbox 667 2273 751 2352; x_wconf 86' lang='lat' dir='ltr'>fidei,</span> <span class='ocrx_word' id='word_1_122' title='bbox 774 2296 849 2340; x_wconf 91' lang='lat' dir='ltr'>cum</span> <span class='ocrx_word' id='word_1_123' title='bbox 872 2275 917 2339; x_wconf 89' lang='lat' dir='ltr'>sic</span> <span class='ocrx_word' id='word_1_124' title='bbox 942 2275 1030 2355; x_wconf 81' lang='lat' dir='ltr'>lecit3</span> <span class='ocrx_word' id='word_1_125' title='bbox 1057 2287 1145 2359; x_wconf 88' lang='lat' dir='ltr'>patet</span> <span class='ocrx_word' id='word_1_126' title='bbox 1168 2276 1310 2338; x_wconf 90' lang='lat' dir='ltr'>secundo</span> 
     </span>
     <span class='ocr_line' id='line_1_19' title="bbox 319 2378 1311 2464; baseline 0 -22"><span class='ocrx_word' id='word_1_127' title='bbox 319 2379 409 2464; x_wconf 92' lang='lat' dir='ltr'>quod</span> <span class='ocrx_word' id='word_1_128' title='bbox 437 2399 503 2442; x_wconf 90' lang='lat' dir='ltr'>non</span> <span class='ocrx_word' id='word_1_129' title='bbox 531 2393 660 2463; x_wconf 91' lang='lat' dir='ltr'>oportet</span> <span class='ocrx_word' id='word_1_130' title='bbox 686 2381 811 2445; x_wconf 88' lang='lat' dir='ltr'>credere</span> <span class='ocrx_word' id='word_1_131' title='bbox 834 2380 923 2464; x_wconf 90' lang='lat' dir='ltr'>quod</span> <span class='ocrx_word' id='word_1_132' title='bbox 954 2380 979 2442; x_wconf 88' lang='lat' dir='ltr'>si</span> <span class='ocrx_word' id='word_1_133' title='bbox 1004 2380 1153 2443; x_wconf 90' lang='lat' dir='ltr'>Romana</span> <span class='ocrx_word' id='word_1_134' title='bbox 1180 2378 1311 2442; x_wconf 87' lang='lat' dir='ltr'>ecclesia</span> 
     </span>
     <span class='ocr_line' id='line_1_20' title="bbox 319 2483 1310 2568; baseline 0 -23"><span class='ocrx_word' id='word_1_135' title='bbox 319 2483 503 2567; x_wconf 88' lang='lat' dir='ltr'>quidquam</span> <span class='ocrx_word' id='word_1_136' title='bbox 523 2484 698 2549; x_wconf 82' lang='lat' dir='ltr'>katholicat</span> <span class='ocrx_word' id='word_1_137' title='bbox 714 2486 762 2548; x_wconf 89' lang='lat' dir='ltr'>vei</span> <span class='ocrx_word' id='word_1_138' title='bbox 778 2485 938 2564; x_wconf 89' lang='lat' dir='ltr'>bereticat,</span> <span class='ocrx_word' id='word_1_139' title='bbox 959 2505 1037 2568; x_wconf 75' lang='lat' dir='ltr'>ergo</span> <span class='ocrx_word' id='word_1_140' title='bbox 1053 2500 1141 2566; x_wconf 80' lang='lat' dir='ltr'>vere3</span> <span class='ocrx_word' id='word_1_141' title='bbox 1164 2499 1196 2548; x_wconf 86' lang='lat' dir='ltr'>et</span> <span class='ocrx_word' id='word_1_142' title='bbox 1212 2484 1310 2547; x_wconf 86' lang='lat' dir='ltr'>tercio</span> 
     </span>
     <span class='ocr_line' id='line_1_21' title="bbox 319 2588 1350 2673; baseline 0.001 -25"><span class='ocrx_word' id='word_1_143' title='bbox 319 2588 444 2651; x_wconf 86' lang='lat' dir='ltr'>videtur</span> <span class='ocrx_word' id='word_1_144' title='bbox 472 2588 636 2670; x_wconf 85' lang='lat' dir='ltr'>probabile</span> <span class='ocrx_word' id='word_1_145' title='bbox 664 2590 753 2673; x_wconf 92' lang='lat' dir='ltr'>quod</span> <span class='ocrx_word' id='word_1_146' title='bbox 780 2591 868 2673; x_wconf 92' lang='lat' dir='ltr'>prior</span> <span class='ocrx_word' id='word_1_147' title='bbox 896 2589 1027 2653; x_wconf 84' lang='lat' dir='ltr'>ecclesia</span> <span class='ocrx_word' id='word_1_148' title='bbox 1057 2609 1133 2652; x_wconf 89' lang='lat' dir='ltr'>sane</span> <span class='ocrx_word' id='word_1_149' title='bbox 1155 2588 1253 2651; x_wconf 89' lang='lat' dir='ltr'>sensit</span> <span class='ocrx_word' id='word_1_150' title='bbox 1277 2589 1308 2650; x_wconf 90' lang='lat' dir='ltr'>in</span> <span class='ocrx_word' id='word_1_151' title='bbox 1321 2601 1350 2638; x_wconf 73' lang='lat'>²0</span> 
     </span>
     <span class='ocr_line' id='line_1_22' title="bbox 319 2692 1309 2777; baseline 0 -23"><span class='ocrx_word' id='word_1_152' title='bbox 319 2692 381 2756; x_wconf 90' lang='lat' dir='ltr'>isto</span> <span class='ocrx_word' id='word_1_153' title='bbox 410 2709 442 2756; x_wconf 93' lang='lat' dir='ltr'>et</span> <span class='ocrx_word' id='word_1_154' title='bbox 465 2693 625 2775; x_wconf 86' lang='lat' dir='ltr'>posterior</span> <span class='ocrx_word' id='word_1_155' title='bbox 648 2695 822 2774; x_wconf 78' lang='lat' dir='ltr'>oberravit3</span> <span class='ocrx_word' id='word_1_156' title='bbox 850 2709 938 2759; x_wconf 87' lang='lat' dir='ltr'>tanta</span> <span class='ocrx_word' id='word_1_157' title='bbox 963 2713 1102 2777; x_wconf 87' lang='lat' dir='ltr'>namque</span> <span class='ocrx_word' id='word_1_158' title='bbox 1127 2694 1309 2771; x_wconf 83' lang='lat' dir='ltr'>auctoritas,</span> 
     </span>
     <span class='ocr_line' id='line_1_23' title="bbox 318 2797 1309 2882; baseline -0.003 -22"><span class='ocrx_word' id='word_1_159' title='bbox 318 2811 407 2860; x_wconf 89' lang='lat' dir='ltr'>tanta</span> <span class='ocrx_word' id='word_1_160' title='bbox 436 2797 590 2860; x_wconf 85' lang='lat' dir='ltr'>sanctitas</span> <span class='ocrx_word' id='word_1_161' title='bbox 618 2812 650 2860; x_wconf 91' lang='lat' dir='ltr'>et</span> <span class='ocrx_word' id='word_1_162' title='bbox 677 2811 762 2862; x_wconf 90' lang='lat' dir='ltr'>tanta</span> <span class='ocrx_word' id='word_1_163' title='bbox 792 2799 951 2882; x_wconf 87' lang='lat' dir='ltr'>sapiencia</span> <span class='ocrx_word' id='word_1_164' title='bbox 979 2800 1029 2862; x_wconf 84' lang='lat' dir='ltr'>vel</span> <span class='ocrx_word' id='word_1_165' title='bbox 1057 2799 1161 2861; x_wconf 91' lang='lat' dir='ltr'>maior</span> <span class='ocrx_word' id='word_1_166' title='bbox 1183 2798 1309 2860; x_wconf 90' lang='lat' dir='ltr'>lucebat</span> 
     </span>
     <span class='ocr_line' id='line_1_24' title="bbox 318 2902 1309 2984; baseline 0 -21"><span class='ocrx_word' id='word_1_167' title='bbox 318 2903 351 2963; x_wconf 93' lang='lat' dir='ltr'>in</span> <span class='ocrx_word' id='word_1_168' title='bbox 388 2903 450 2965; x_wconf 92' lang='lat' dir='ltr'>isto</span> <span class='ocrx_word' id='word_1_169' title='bbox 488 2922 571 2984; x_wconf 91' lang='lat' dir='ltr'>papa</span> <span class='ocrx_word' id='word_1_170' title='bbox 611 2902 768 2966; x_wconf 87' lang='lat' dir='ltr'>Nicholao</span> <span class='ocrx_word' id='word_1_171' title='bbox 798 2904 841 2965; x_wconf 88' lang='lat'>11⁰</span> <span class='ocrx_word' id='word_1_172' title='bbox 880 2904 1060 2966; x_wconf 89' lang='lat' dir='ltr'>secundum</span> <span class='ocrx_word' id='word_1_173' title='bbox 1096 2903 1239 2964; x_wconf 88' lang='lat' dir='ltr'>cronicas</span> <span class='ocrx_word' id='word_1_174' title='bbox 1278 2915 1309 2963; x_wconf 89' lang='lat' dir='ltr'>et</span> 
     </span>
     <span class='ocr_line' id='line_1_25' title="bbox 319 3002 1309 3091; baseline -0.001 -22"><span class='ocrx_word' id='word_1_175' title='bbox 319 3008 387 3070; x_wconf 85' lang='lat' dir='ltr'>istis</span> <span class='ocrx_word' id='word_1_176' title='bbox 421 3002 527 3088; x_wconf 65' lang='lat'>¹¹4⁰¹³⁸</span> <span class='ocrx_word' id='word_1_177' title='bbox 558 3007 728 3091; x_wconf 84' lang='lat' dir='ltr'>episcopis,</span> <span class='ocrx_word' id='word_1_178' title='bbox 767 3008 848 3071; x_wconf 89' lang='lat' dir='ltr'>sicut</span> <span class='ocrx_word' id='word_1_179' title='bbox 886 3010 917 3070; x_wconf 92' lang='lat' dir='ltr'>in</span> <span class='ocrx_word' id='word_1_180' title='bbox 956 3030 995 3071; x_wconf 90' lang='lat' dir='ltr'>co</span> <span class='ocrx_word' id='word_1_181' title='bbox 1033 3009 1088 3091; x_wconf 96' lang='lat' dir='ltr'>qui</span> <span class='ocrx_word' id='word_1_182' title='bbox 1126 3008 1309 3090; x_wconf 87' lang='lat' dir='ltr'>composuit</span> 
     </span>
     <span class='ocr_line' id='line_1_26' title="bbox 318 3111 1350 3196; baseline 0.001 -23"><span class='ocrx_word' id='word_1_183' title='bbox 318 3112 502 3176; x_wconf 88' lang='lat' dir='ltr'>decretales.</span> <span class='ocrx_word' id='word_1_184' title='bbox 531 3114 639 3189; x_wconf 90' lang='lat' dir='ltr'>Quare</span> <span class='ocrx_word' id='word_1_185' title='bbox 662 3133 737 3196; x_wconf 84' lang='lat' dir='ltr'>ergo</span> <span class='ocrx_word' id='word_1_186' title='bbox 766 3134 829 3175; x_wconf 91' lang='lat' dir='ltr'>non</span> <span class='ocrx_word' id='word_1_187' title='bbox 854 3115 1032 3176; x_wconf 88' lang='lat' dir='ltr'>crederetur</span> <span class='ocrx_word' id='word_1_188' title='bbox 1055 3127 1140 3177; x_wconf 87' lang='lat' dir='ltr'>tante</span> <span class='ocrx_word' id='word_1_189' title='bbox 1163 3115 1212 3175; x_wconf 80' lang='lat' dir='ltr'>rel</span> <span class='ocrx_word' id='word_1_190' title='bbox 1237 3114 1308 3195; x_wconf 91' lang='lat' dir='ltr'>plus</span> <span class='ocrx_word' id='word_1_191' title='bbox 1322 3111 1350 3162; x_wconf 72' lang='lat'>²5</span> 
     </span>
     <span class='ocr_line' id='line_1_27' title="bbox 318 3212 1308 3282; baseline 0 -4"><span class='ocrx_word' id='word_1_192' title='bbox 318 3237 374 3280; x_wconf 87' lang='lat' dir='ltr'>sue</span> <span class='ocrx_word' id='word_1_193' title='bbox 413 3218 576 3281; x_wconf 87' lang='lat' dir='ltr'>sentencie</span> <span class='ocrx_word' id='word_1_194' title='bbox 612 3218 695 3281; x_wconf 89' lang='lat' dir='ltr'>sicut</span> <span class='ocrx_word' id='word_1_195' title='bbox 727 3219 867 3281; x_wconf 88' lang='lat' dir='ltr'>debiliori</span> <span class='ocrx_word' id='word_1_196' title='bbox 912 3218 1072 3282; x_wconf 88' lang='lat' dir='ltr'>sentencie</span> <span class='ocrx_word' id='word_1_197' title='bbox 1109 3212 1308 3281; x_wconf 75' lang='lat' dir='ltr'>succedenti?</span> 
     </span>
     <span class='ocr_line' id='line_1_28' title="bbox 318 3322 1308 3407; baseline -0.002 -23"><span class='ocrx_word' id='word_1_198' title='bbox 318 3322 458 3384; x_wconf 87' lang='lat' dir='ltr'>Ecclesia</span> <span class='ocrx_word' id='word_1_199' title='bbox 491 3322 579 3384; x_wconf 87' lang='lat' dir='ltr'>enirn</span> <span class='ocrx_word' id='word_1_200' title='bbox 614 3322 836 3386; x_wconf 88' lang='lat' dir='ltr'>deteriorando</span> <span class='ocrx_word' id='word_1_201' title='bbox 872 3325 978 3407; x_wconf 90' lang='lat' dir='ltr'>quoad</span> <span class='ocrx_word' id='word_1_202' title='bbox 1022 3322 1118 3385; x_wconf 89' lang='lat' dir='ltr'>fidem</span> <span class='ocrx_word' id='word_1_203' title='bbox 1155 3324 1308 3404; x_wconf 89' lang='lat' dir='ltr'>scripture</span> 
     </span>
     <span class='ocr_line' id='line_1_29' title="bbox 317 3427 1308 3510; baseline -0.002 -21"><span class='ocrx_word' id='word_1_204' title='bbox 317 3428 471 3509; x_wconf 88' lang='lat' dir='ltr'>procedit.</span> <span class='ocrx_word' id='word_1_205' title='bbox 514 3428 553 3489; x_wconf 87' lang='lat' dir='ltr'>Et</span> <span class='ocrx_word' id='word_1_206' title='bbox 589 3427 702 3489; x_wconf 90' lang='lat' dir='ltr'>iterum</span> <span class='ocrx_word' id='word_1_207' title='bbox 735 3429 823 3509; x_wconf 88' lang='lat' dir='ltr'>prior</span> <span class='ocrx_word' id='word_1_208' title='bbox 853 3429 1012 3490; x_wconf 89' lang='lat' dir='ltr'>sentencia</span> <span class='ocrx_word' id='word_1_209' title='bbox 1046 3429 1117 3510; x_wconf 90' lang='lat' dir='ltr'>plus</span> <span class='ocrx_word' id='word_1_210' title='bbox 1150 3440 1308 3490; x_wconf 85' lang='lat' dir='ltr'>consonat</span> 
     </span>
     <span class='ocr_line' id='line_1_30' title="bbox 317 3530 1308 3615; baseline 0 -23"><span class='ocrx_word' id='word_1_211' title='bbox 317 3533 437 3610; x_wconf 89' lang='lat' dir='ltr'>sensui,</span> <span class='ocrx_word' id='word_1_212' title='bbox 461 3531 593 3612; x_wconf 76' lang='lat' dir='ltr'>rationi,</span> <span class='ocrx_word' id='word_1_213' title='bbox 617 3532 735 3594; x_wconf 88' lang='lat' dir='ltr'>sanctis</span> <span class='ocrx_word' id='word_1_214' title='bbox 751 3533 935 3595; x_wconf 89' lang='lat' dir='ltr'>doctoribus</span> <span class='ocrx_word' id='word_1_215' title='bbox 959 3546 990 3596; x_wconf 90' lang='lat' dir='ltr'>et</span> <span class='ocrx_word' id='word_1_216' title='bbox 1012 3532 1187 3615; x_wconf 89' lang='lat' dir='ltr'>scripturis,</span> <span class='ocrx_word' id='word_1_217' title='bbox 1210 3530 1308 3612; x_wconf 81' lang='lat' dir='ltr'>igitur</span> 
     </span>
     <span class='ocr_line' id='line_1_31' title="bbox 317 3635 1350 3719; baseline -0.002 -21"><span class='ocrx_word' id='word_1_218' title='bbox 317 3656 394 3698; x_wconf 89' lang='lat' dir='ltr'>cum</span> <span class='ocrx_word' id='word_1_219' title='bbox 426 3636 478 3697; x_wconf 92' lang='lat' dir='ltr'>illa</span> <span class='ocrx_word' id='word_1_220' title='bbox 512 3656 577 3697; x_wconf 90' lang='lat' dir='ltr'>non</span> <span class='ocrx_word' id='word_1_221' title='bbox 611 3636 652 3699; x_wconf 90' lang='lat' dir='ltr'>sit</span> <span class='ocrx_word' id='word_1_222' title='bbox 680 3637 836 3719; x_wconf 87' lang='lat' dir='ltr'>posterius</span> <span class='ocrx_word' id='word_1_223' title='bbox 863 3639 1016 3719; x_wconf 81' lang='lat' dir='ltr'>abrogata</span> <span class='ocrx_word' id='word_1_224' title='bbox 1044 3637 1092 3698; x_wconf 88' lang='lat' dir='ltr'>vel</span> <span class='ocrx_word' id='word_1_225' title='bbox 1127 3636 1306 3719; x_wconf 85' lang='lat' dir='ltr'>inprobata,</span> <span class='ocrx_word' id='word_1_226' title='bbox 1318 3635 1350 3688; x_wconf 71' lang='lat'>3⁸¹</span> 
     </span>
     <span class='ocr_line' id='line_1_32' title="bbox 316 3740 1307 3825; baseline -0.001 -23"><span class='ocrx_word' id='word_1_227' title='bbox 316 3741 443 3803; x_wconf 86' lang='lat' dir='ltr'>videtur</span> <span class='ocrx_word' id='word_1_228' title='bbox 459 3742 549 3825; x_wconf 88' lang='lat' dir='ltr'>quod</span> <span class='ocrx_word' id='word_1_229' title='bbox 574 3741 704 3803; x_wconf 88' lang='lat' dir='ltr'>ecclesia</span> <span class='ocrx_word' id='word_1_230' title='bbox 729 3742 833 3804; x_wconf 90' lang='lat' dir='ltr'>adhuc</span> <span class='ocrx_word' id='word_1_231' title='bbox 849 3743 943 3803; x_wconf 87' lang='lat' dir='ltr'>debet</span> <span class='ocrx_word' id='word_1_232' title='bbox 967 3742 1052 3804; x_wconf 87' lang='lat' dir='ltr'>iliam</span> <span class='ocrx_word' id='word_1_233' title='bbox 1078 3742 1203 3804; x_wconf 87' lang='lat' dir='ltr'>credere</span> <span class='ocrx_word' id='word_1_234' title='bbox 1227 3740 1307 3804; x_wconf 89' lang='lat' dir='ltr'>sicut</span> 
     </span>
    </p>
   </div>
   <div class='ocr_carea' id='block_1_4' title="bbox 317 3845 435 3927">
    <p class='ocr_par' dir='ltr' id='par_1_8' title="bbox 317 3845 435 3927">
     <span class='ocr_line' id='line_1_33' title="bbox 317 3845 435 3927; baseline 0.017 -20"><span class='ocrx_word' id='word_1_235' title='bbox 317 3845 435 3927; x_wconf 91' lang='lat' dir='ltr'>primo.</span> 
     </span>
    </p>
   </div>
   <div class='ocr_carea' id='block_1_5' title="bbox 315 4049 1309 4458">
    <p class='ocr_par' dir='ltr' id='par_1_9' title="bbox 315 4049 1309 4458">
     <span class='ocr_line' id='line_1_34' title="bbox 370 4049 1306 4108; baseline -0.001 -13"><span class='ocrx_word' id='word_1_236' title='bbox 370 4064 386 4096; x_wconf 94' lang='grc'>1.</span> <span class='ocrx_word' id='word_1_237' title='bbox 407 4050 440 4095; x_wconf 83' lang='lat' dir='ltr'>ll:</span> <span class='ocrx_word' id='word_1_238' title='bbox 461 4051 496 4095; x_wconf 83' lang='lat' dir='ltr'>od</span> <span class='ocrx_word' id='word_1_239' title='bbox 513 4049 677 4103; x_wconf 63' lang='lat' dir='ltr'>confitendum.</span> <span class='ocrx_word' id='word_1_240' title='bbox 757 4051 779 4094; x_wconf 84' lang='lat' dir='ltr'>ll.</span> <span class='ocrx_word' id='word_1_241' title='bbox 799 4050 829 4095; x_wconf 81' lang='lat' dir='ltr'>E:</span> <span class='ocrx_word' id='word_1_242' title='bbox 850 4052 912 4095; x_wconf 80' lang='lat' dir='ltr'>illud</span> <span class='ocrx_word' id='word_1_243' title='bbox 928 4051 993 4108; x_wconf 72' lang='lat' dir='ltr'>quod</span> <span class='ocrx_word' id='word_1_244' title='bbox 1009 4051 1082 4095; x_wconf 76' lang='lat' dir='ltr'>dec-sl.</span> <span class='ocrx_word' id='word_1_245' title='bbox 1164 4064 1192 4096; x_wconf 81' lang='lat' dir='ltr'>ra.</span> <span class='ocrx_word' id='word_1_246' title='bbox 1213 4051 1245 4095; x_wconf 86' lang='lat' dir='ltr'>D:</span> <span class='ocrx_word' id='word_1_247' title='bbox 1265 4052 1306 4094; x_wconf 83' lang='lat' dir='ltr'>sic.</span> 
     </span>
     <span class='ocr_line' id='line_1_35' title="bbox 317 4119 1309 4178; baseline -0.002 -12"><span class='ocrx_word' id='word_1_248' title='bbox 317 4120 345 4166; x_wconf 87' lang='grc'>15.</span> <span class='ocrx_word' id='word_1_249' title='bbox 361 4122 394 4166; x_wconf 82' lang='lat' dir='ltr'>ll:</span> <span class='ocrx_word' id='word_1_250' title='bbox 410 4120 539 4165; x_wconf 77' lang='lat' dir='ltr'>oberravit.</span> <span class='ocrx_word' id='word_1_251' title='bbox 595 4119 627 4164; x_wconf 84' lang='grc'>16.</span> <span class='ocrx_word' id='word_1_252' title='bbox 643 4119 774 4176; x_wconf 79' lang='lat' dir='ltr'>ll:pocur&#39;t.</span> <span class='ocrx_word' id='word_1_253' title='bbox 834 4121 1126 4178; x_wconf 56' lang='lat' dir='ltr'>patropassianis</span> <span class='ocrx_word' id='word_1_254' title='bbox 1182 4123 1211 4167; x_wconf 79' lang='grc'>18.</span> <span class='ocrx_word' id='word_1_255' title='bbox 1227 4121 1258 4165; x_wconf 81' lang='lat' dir='ltr'>E:</span> <span class='ocrx_word' id='word_1_256' title='bbox 1274 4127 1309 4165; x_wconf 78' lang='lat' dir='ltr'>est</span> 
     </span>
     <span class='ocr_line' id='line_1_36' title="bbox 316 4190 1306 4248; baseline -0.001 -13"><span class='ocrx_word' id='word_1_257' title='bbox 316 4190 457 4236; x_wconf 78' lang='lat' dir='ltr'>credendum</span> <span class='ocrx_word' id='word_1_258' title='bbox 471 4191 539 4235; x_wconf 76' lang='lat' dir='ltr'>nobis</span> <span class='ocrx_word' id='word_1_259' title='bbox 552 4202 600 4234; x_wconf 81' lang='lat' dir='ltr'>nou</span> <span class='ocrx_word' id='word_1_260' title='bbox 619 4193 714 4246; x_wconf 81' lang='lat' dir='ltr'>oportet</span> <span class='ocrx_word' id='word_1_261' title='bbox 730 4190 829 4235; x_wconf 83' lang='lat' dir='ltr'>credere</span> <span class='ocrx_word' id='word_1_262' title='bbox 846 4192 882 4243; x_wconf 59' lang='grc' dir='ltr'>εὴ·</span> <span class='ocrx_word' id='word_1_263' title='bbox 900 4192 931 4236; x_wconf 89' lang='lat' dir='ltr'>ib.</span> <span class='ocrx_word' id='word_1_264' title='bbox 948 4192 980 4236; x_wconf 81' lang='lat' dir='ltr'>D:</span> <span class='ocrx_word' id='word_1_265' title='bbox 999 4191 1064 4248; x_wconf 83' lang='lat' dir='ltr'>qaod</span> <span class='ocrx_word' id='word_1_266' title='bbox 1081 4191 1154 4236; x_wconf 79' lang='lat' dir='ltr'>deest.</span> <span class='ocrx_word' id='word_1_267' title='bbox 1227 4203 1259 4248; x_wconf 79' lang='lat'>¹9·</span> <span class='ocrx_word' id='word_1_268' title='bbox 1274 4190 1306 4235; x_wconf 81' lang='lat' dir='ltr'>D:</span> 
     </span>
     <span class='ocr_line' id='line_1_37' title="bbox 315 4260 1306 4317; baseline -0.002 -12"><span class='ocrx_word' id='word_1_269' title='bbox 315 4272 376 4317; x_wconf 73' lang='lat' dir='ltr'>ergo</span> <span class='ocrx_word' id='word_1_270' title='bbox 394 4266 438 4306; x_wconf 80' lang='lat' dir='ltr'>etc.</span> <span class='ocrx_word' id='word_1_271' title='bbox 520 4272 553 4316; x_wconf 76' lang='lat' dir='ltr'>ru.</span> <span class='ocrx_word' id='word_1_272' title='bbox 572 4271 609 4304; x_wconf 68' lang='grc' dir='ltr'>ιο.</span> <span class='ocrx_word' id='word_1_273' title='bbox 632 4260 685 4303; x_wconf 78' lang='lat' dir='ltr'>All:</span> <span class='ocrx_word' id='word_1_274' title='bbox 706 4260 780 4304; x_wconf 73' lang='lat' dir='ltr'>tereto</span> <span class='ocrx_word' id='word_1_275' title='bbox 799 4261 835 4304; x_wconf 79' lang='lat' dir='ltr'>uel</span> <span class='ocrx_word' id='word_1_276' title='bbox 849 4261 985 4317; x_wconf 58' lang='lat' dir='ltr'>probabam</span> <span class='ocrx_word' id='word_1_277' title='bbox 1005 4260 1038 4305; x_wconf 87' lang='lat' dir='ltr'>C:</span> <span class='ocrx_word' id='word_1_278' title='bbox 1059 4260 1151 4305; x_wconf 76' lang='lat' dir='ltr'>viderur</span> <span class='ocrx_word' id='word_1_279' title='bbox 1172 4261 1195 4306; x_wconf 89' lang='lat' dir='ltr'>in</span> <span class='ocrx_word' id='word_1_280' title='bbox 1218 4273 1306 4306; x_wconf 85' lang='lat' dir='ltr'>rasura.</span> 
     </span>
     <span class='ocr_line' id='line_1_38' title="bbox 317 4328 1305 4388; baseline -0.002 -14"><span class='ocrx_word' id='word_1_281' title='bbox 317 4342 353 4374; x_wconf 79' lang='lat' dir='ltr'>ao.</span> <span class='ocrx_word' id='word_1_282' title='bbox 365 4330 441 4375; x_wconf 82' lang='lat' dir='ltr'>ABC:</span> <span class='ocrx_word' id='word_1_283' title='bbox 456 4331 521 4388; x_wconf 82' lang='lat' dir='ltr'>quod</span> <span class='ocrx_word' id='word_1_284' title='bbox 534 4329 606 4388; x_wconf 75' lang='lat' dir='ltr'>qaod.</span> <span class='ocrx_word' id='word_1_285' title='bbox 660 4328 693 4374; x_wconf 77' lang='lat'>23.</span> <span class='ocrx_word' id='word_1_286' title='bbox 710 4330 739 4373; x_wconf 83' lang='lat' dir='ltr'>ll:</span> <span class='ocrx_word' id='word_1_287' title='bbox 753 4331 871 4375; x_wconf 77' lang='lat' dir='ltr'>sciendum</span> <span class='ocrx_word' id='word_1_288' title='bbox 884 4332 1015 4376; x_wconf 80' lang='lat' dir='ltr'>secandam.</span> <span class='ocrx_word' id='word_1_289' title='bbox 1070 4342 1106 4384; x_wconf 68' lang='lat' dir='ltr'>aa.</span> <span class='ocrx_word' id='word_1_290' title='bbox 1117 4330 1148 4376; x_wconf 91' lang='lat' dir='ltr'>C:</span> <span class='ocrx_word' id='word_1_291' title='bbox 1164 4332 1216 4375; x_wconf 79' lang='lat' dir='ltr'>iscis</span> <span class='ocrx_word' id='word_1_292' title='bbox 1230 4333 1305 4386; x_wconf 65' lang='grc'>113111.</span> 
     </span>
     <span class='ocr_line' id='line_1_39' title="bbox 315 4399 1149 4458; baseline 0 -13"><span class='ocrx_word' id='word_1_293' title='bbox 315 4400 346 4445; x_wconf 80' lang='grc'>31.</span> <span class='ocrx_word' id='word_1_294' title='bbox 362 4403 397 4445; x_wconf 77' lang='lat' dir='ltr'>A:</span> <span class='ocrx_word' id='word_1_295' title='bbox 411 4400 480 4445; x_wconf 67' lang='lat' dir='ltr'>arbec</span> <span class='ocrx_word' id='word_1_296' title='bbox 493 4401 516 4445; x_wconf 90' lang='lat' dir='ltr'>in</span> <span class='ocrx_word' id='word_1_297' title='bbox 533 4412 606 4454; x_wconf 67' lang='lat' dir='ltr'>marg.</span> <span class='ocrx_word' id='word_1_298' title='bbox 622 4399 666 4444; x_wconf 87' lang='lat' dir='ltr'>alia</span> <span class='ocrx_word' id='word_1_299' title='bbox 681 4413 759 4444; x_wconf 85' lang='lat' dir='ltr'>manu.</span> <span class='ocrx_word' id='word_1_300' title='bbox 812 4401 842 4453; x_wconf 75' lang='grc'>31,</span> <span class='ocrx_word' id='word_1_301' title='bbox 857 4400 890 4445; x_wconf 78' lang='lat'>32.</span> <span class='ocrx_word' id='word_1_302' title='bbox 906 4403 980 4446; x_wconf 70' lang='lat' dir='ltr'>Aue:</span> <span class='ocrx_word' id='word_1_303' title='bbox 995 4401 1057 4446; x_wconf 80' lang='lat' dir='ltr'>sicut</span> <span class='ocrx_word' id='word_1_304' title='bbox 1067 4403 1149 4458; x_wconf 75' lang='lat' dir='ltr'>prime.</span> 
     </span>
    </p>
   </div>
   <div class='ocr_carea' id='block_1_6' title="bbox 0 0 1528 4920">
    <p class='ocr_par' dir='ltr' id='par_1_10' title="bbox 0 0 1528 4920">
     <span class='ocr_line' id='line_1_40' title="bbox 0 0 1528 4920; baseline 0 3"><span class='ocrx_word' id='word_1_305' title='bbox 0 0 1528 4920; x_wconf 95' lang='lat' dir='ltr'> </span> 
     </span>
    </p>
   </div>
  </div>
 </body>
</html>
