3046 4920
653 456 824 511 ronanus
840 454 982 511 1111111111
1178 438 1264 525 [cer.
1278 454 1310 499 v.

322 613 417 677 Ysaie
444 612 486 694 1⁰,
515 629 568 677 tr:
607 612 681 691 Quo
716 614 796 679 milti
829 612 1065 680 multitudinem
1105 612 1310 676 uictimarum

321 718 533 783 uestrarum?
547 718 666 783 Plenus
680 738 762 784 sum.
778 718 988 803 Etsequitur:
1007 718 1089 783 Cum
1101 714 1310 780 extenderitis

322 841 443 887 manus
463 831 602 901 uestras,
623 832 769 887 avertam
791 823 904 887 oculos
925 840 1013 887 meos
1026 840 1048 885 a
1062 820 1161 897 uobis,
1182 828 1310 883 etcum

323 926 630 1013 multiplicaveritis,
645 926 832 991 oracionem
850 944 914 991 non
926 924 1115 991 exaudiam.
1131 924 1311 1001 Quomodo

323 1050 400 1115 ergo
431 1030 671 1095 excusabuntur
702 1030 736 1093 in
768 1030 831 1095 isto
861 1043 1006 1113 peccato,
1044 1028 1100 1116 qui
1131 1046 1170 1093 et
1199 1026 1336 1091 olficios

322 1146 474 1199 tenentur
494 1134 528 1197 in
550 1134 615 1198 isto
636 1134 753 1197 docere
775 1128 961 1199 ecclesiam?
992 1132 1034 1199 Et
1055 1152 1093 1197 et
1120 1130 1184 1197 lide
1211 1132 1311 1215 scrip·

323 1252 397 1301 ture
418 1236 547 1301 videtur
560 1237 651 1321 quod
673 1235 765 1321 panis
781 1250 815 1302 et
828 1234 942 1301 vinum
961 1250 1036 1321 post
1050 1236 1312 1302 benediccionem

323 1352 512 1406 remaneant
527 1353 781 1423 sacramentum
797 1360 875 1405 nato
885 1336 1022 1429 (utsepe
1031 1340 1162 1426 repetii)
1172 1354 1313 1426 quatuor

323 1443 518 1530 evangeliste
542 1457 670 1508 namot
692 1445 862 1529 quomodo
877 1443 1028 1511 Christus
1049 1443 1172 1529 accepit
1193 1462 1310 1529 panem

324 1562 357 1614 et
371 1548 482 1613 vinum
505 1561 538 1614 et
559 1548 613 1612 illa
635 1547 891 1613 demonstrando
910 1548 1004 1615 dixit:
1027 1548 1104 1613 Hoc
1123 1558 1172 1613 ert
1192 1566 1312 1633 corpus
1324 1566 1357 1603 1ο

324 1671 431 1717 meum
446 1652 501 1718 nei
519 1653 669 1739 sanguis.
691 1652 844 1719 Secundo
858 1650 1072 1717 confirmatur
1088 1670 1128 1717 ex
1145 1650 1312 1736 evangelio

324 1758 474 1841 Apostoli
498 1756 540 1839 1⁶,
562 1756 640 1825 Cor.
665 1756 724 1837 X⁰‚
745 1774 795 1839 14,
816 1758 864 1836 16,
886 1776 933 1843 tp,
955 1756 1012 1821 ubi
1034 1756 1140 1841 primo
1161 1754 1310 1841 precipit:

324 1862 442 1947 Fugite
477 1858 521 1925 ab
543 1860 728 1943 ydolorum
764 1861 906 1925 cultura.
943 1860 986 1924 Et
1016 1859 1178 1944 adiungit:
1217 1858 1312 1923 Colis

322 1964 556 2029 benediccionis
585 1966 641 2029 cui
674 1965 893 2029 benedicimus
927 1983 1033 2029 nonne
1061 1963 1312 2029 communicacia

322 2068 495 2154 sanguinis
528 2068 651 2133 Christi
684 2069 758 2134 est?
793 2080 824 2133 et
855 2069 955 2153 panis
990 2087 1087 2154 quem
1114 2066 1353 2154 frangimuers

324 2192 432 2237 nonne
434 2172 652 2257 participatio
666 2173 814 2257 corporis
823 2172 957 2237 Domini
969 2172 1044 2237 esti
1055 2174 1209 2257 quoniam
1225 2190 1312 2235 utttrs

317 2278 420 2360 panis
446 2286 479 2341 et
504 2296 606 2341 unum
634 2296 755 2361 corpus
781 2278 876 2341 multi
895 2292 1029 2353 sumus,·
1058 2277 1113 2341 ubi
1145 2276 1311 2341 manileste

323 2394 411 2465 patet
434 2381 523 2465 quod
554 2382 699 2466 loquitur
724 2382 765 2445 de
796 2400 879 2463 pane
909 2396 942 2445 et
971 2382 1048 2445 vino
1081 2380 1312 2457 materialibus,

322 2504 387 2569 que
418 2500 494 2569 post
521 2484 780 2549 benediccionem
808 2500 884 2549 sunt
907 2486 968 2548 boc
996 2499 1248 2563 sacramentum
1280 2498 1313 2547 et

324 2590 438 2653 iterum
468 2589 674 2653 manifestum
704 2591 865 2673 estquod
894 2590 944 2653 hic
967 2591 1069 2654 utitur
1090 2588 1311 2672 predicacione
1322 2612 1357 2647 πο

324 2695 449 2777 tropica
477 2708 507 2757 et
533 2714 600 2757 non
627 2695 822 2778 ydemptica,
851 2696 930 2757 dnm
962 2694 1110 2777 intelligit
1131 2714 1250 2777 panem
1281 2708 1312 2756 et

324 2798 434 2860 vinum
468 2797 605 2879 figurare
638 2798 791 2861 unionem
825 2798 955 2861 ecclesie
988 2819 1063 2861 cum
1091 2798 1222 2862 Christo
1254 2800 1311 2881 qui

112 2927 305 2984 riteoospan
324 2915 371 2964 est
404 2923 452 2963 res
488 2901 582 2964 huius
616 2903 817 2965 sacramenti.
853 2904 891 2964 Et
919 2916 1008 2985 patet
1033 2917 1153 2985 quanta
1179 2905 1310 2965 cecitate

111 2982 307 3090 {ffitlfldiiiii'
326 3007 502 3087 percutitur
529 3006 658 3069 ecclesia
687 3027 751 3090 que
780 3007 914 3069 dimisso
942 3008 1106 3087 evangelio
1134 3022 1166 3069 ct
1193 3009 1311 3069 sanctis

122 3086 293 3181 “cii‘ss'iessitssfw
325 3110 512 3173 doctoribus
529 3111 692 3192 regulatur
703 3131 759 3193 per
770 3113 902 3174 stultam
915 3110 1311 3187 heresimdecrctisturum‚
1322 3122 1354 3171 25

325 3215 380 3298 qui
406 3216 537 3277 tradunt
559 3235 619 3297 pro
642 3215 750 3295 regula
768 3218 857 3297 quod
879 3217 1068 3296 generaliter
1090 3214 1121 3276 in
1144 3216 1203 3277 hiis
1219 3216 1311 3278 dictis

325 3339 381 3400 per
413 3338 528 3400 panem
563 3333 595 3381 et
628 3319 738 3381 vinum
771 3319 992 3402 intelliguntur
1027 3319 1205 3381 accidencia
1246 3341 1310 3382 non

324 3424 506 3485 substancia
540 3423 589 3484 vel
622 3439 744 3486 natura.
778 3424 944 3506 Numquid
978 3425 1135 3486 credimus
1164 3440 1309 3486 sanctum

325 3526 520 3608 Apostolum
550 3526 724 3608 intelligere
753 3527 960 3610 appropriate
989 3548 1044 3609 per
1068 3548 1183 3609 panem
1213 3548 1308 3610 quem

325 3629 501 3713 frangimus
519 3631 569 3693 illa
587 3631 845 3714 accidentiaque
869 3628 1045 3695 nescimus?
1068 3633 1181 3693 Nonne
1200 3635 1310 3694 beatus
1322 3644 1355 3693 30

325 3735 466 3796 Hilarius
490 3734 626 3817 explicat
648 3756 777 3797 sensum
807 3737 894 3816 quod
923 3750 997 3797 sunt
1028 3751 1137 3798 natura
1168 3737 1258 3817 panis
1281 3750 1311 3797 ct

376 3974 395 4020 5.
411 3975 441 4018 li:
457 3975 606 4019 excusabunt.
660 3975 683 4018 6.
698 3975 774 4019 ABD:
790 3976 839 4019 Sed
852 3988 894 4025 cn,-
909 3977 940 4020 C:
956 3975 986 4019 Ft
999 3977 1022 4019 in
1038 3988 1127 4020 rasura.
1183 3988 1213 4019 m.
1230 3976 1261 4019 ll:
1277 3977 1311 4020 ila

323 4045 513 4089 demonstrando.
587 4058 617 4100 ut.
634 4045 687 4088 ntt:
703 4051 761 4101 post
773 4047 974 4090 corisccrocr'oncm
988 4046 1189 4093 benediccionem:
1207 4047 1238 4091 C:
1258 4059 1311 4090 con-

321 4115 480 4159 secracionem
494 4114 598 4158 extinxit.
679 4126 709 4158 ar.
725 4113 802 4159 nco:
818 4126 904 4171 ponem
918 4116 989 4157 illum.
1065 4126 1098 4159 aa.
1113 4115 1186 4159 nttu:
1207 4116 1310 4172 eluntre.

322 4183 354 4228 15.
379 4182 410 4228 C:
440 4186 568 4242 regulatur
594 4185 616 4228 iu
646 4198 719 4239 marg.
743 4186 788 4228 alia
812 4198 890 4229 manu.
989 4197 1023 4240 ²5·
1046 4185 1140 4229 nitet:
1168 4186 1309 4243 intelligunt.

323 4255 358 4298 28⁴
373 4255 406 4298 C:
420 4254 578 4298 substanciam
593 4256 630 4298 uel
642 4259 760 4298 naturam.
816 4268 852 4310 29.
868 4256 897 4298 ll:
912 4267 928 4298 a
940 4256 1095 4312 proprietate.

359 4395 383 4431 2.
402 4380 434 4431 ls.
453 4380 471 4444 l,
488 4380 527 4432 15.
600 4384 640 4434 31.
659 4382 725 4432 Vide
744 4397 823 4447 snpra
842 4397 901 4447 pag.
918 4380 973 4432 125.
