3046 4920
201 469 270 513 cnr.
284 452 338 543 va]
538 474 584 524 nr,
603 471 847 523 EUCHARlsTln.

199 633 288 712 quod
322 631 520 713 congregatis
558 630 710 691 omnibus
748 629 876 710 prelatis
913 628 1037 690 cesariis
1075 647 1188 690 omnes

198 736 303 798 sciunt
319 736 396 818 quid
419 750 467 797 est
491 734 595 796 hostia
611 727 816 795 consecrata?
838 746 869 794 et
884 748 1010 795 errante
1024 733 1187 795 intellectu

199 859 326 902 necesse
341 855 389 902 est
405 839 492 922 quod
516 853 600 900 erret
623 836 764 917 allectus,
788 857 861 900 cum
886 837 998 899 cecitas
1014 836 1098 899 oculi
1119 856 1187 919 pre·

197 944 306 1027 cipitat
322 944 552 1006 ambulantem.
577 941 661 1005 Cum
685 941 782 1026 igitur
798 941 973 1024 accipimus
997 941 1058 1003 hoc
1081 961 1185 1004 sacra·

172 1055 342 1112 5mentum
361 1048 465 1130 gracia
484 1046 687 1130 gratitudinis
704 1047 833 1110 Domini
856 1048 1074 1127 memorande,
1099 1060 1188 1129 patet

196 1155 287 1236 quod
320 1154 365 1216 ad
400 1152 553 1215 iudicium
588 1152 678 1216 uobis
710 1153 946 1216 manducamus
976 1162 1006 1214 ct
1036 1151 1185 1224 bibimus,

196 1259 270 1340 quia
306 1277 508 1320 remanemus
542 1271 617 1340 post
647 1272 715 1320 tarn
749 1258 960 1339 sollempnem
993 1255 1185 1319 memoriam

196 1361 336 1424 Domino
367 1375 432 1423 tarn
461 1361 588 1444 ingrati.
622 1362 716 1425 Unde
744 1363 905 1424 decretum
929 1361 1101 1444 Augustini
1125 1381 1183 1444 po-

194 1467 291 1531 situm
315 1467 346 1528 in
368 1467 406 1528 de
423 1466 679 1530 Consecracione
696 1466 902 1530 distinccione
919 1466 944 1528 ll
962 1468 1006 1529 sic
1022 1465 1181 1550 loquitur:

154 1593 183 1627 ιο
198 1571 281 1647 Quia
298 1582 399 1632 morte
416 1571 535 1634 Christi
551 1570 681 1634 liberati
694 1591 820 1652 sumus,
844 1574 939 1635 liuius
960 1573 1008 1634 rci
1026 1590 1184 1634 memores

192 1676 225 1737 irr
249 1675 372 1737 edendo
394 1694 526 1738 caraem
552 1687 582 1739 et
599 1677 746 1758 potando
776 1677 968 1760 sauguinem
1003 1677 1083 1753 cius,
1117 1695 1180 1759 que

185 1799 252 1861 pro
275 1779 365 1844 nobis
393 1780 498 1843 oblata
523 1792 601 1845 suut
624 1803 683 1844 nos
706 1782 914 1865 obligaciores
936 1782 1115 1866 signamus.

236 1885 276 1948 Et
293 1900 378 1969 patet
389 1888 557 1970 quomodo
574 1885 665 1967 fides,
683 1906 768 1971 spes,
785 1889 896 1951 caritas
912 1901 989 1949 sunt
1005 1885 1401 1995 ⁰⁰⁰“³⁸f³⁸¹{³,{;'¹÷,l⁰l⁰.².li

192 1989 360 2052 celebranti
368 2006 377 2070 ;
400 1992 454 2052 sed
480 1991 576 2053 hodie
600 2006 648 2054 est
672 1992 764 2055 nobis
788 1991 883 2054 nimis
905 1991 1032 2053 sinistra
1053 2009 1181 2074 perver·
1228 1963 1374 2059 m't'sffrfi‘e‘as'

151 2096 249 2175 15sio,
282 2096 360 2158 duna
385 2094 465 2158 fides
488 2094 631 2180 infigitur
652 2097 684 2159 in
714 2099 816 2181 signo,
845 2117 917 2181 spes
946 2097 977 2159 in
1001 2097 1126 2159 mundo
1149 2112 1180 2160 et

190 2200 304 2263 caritas
329 2201 360 2262 in
385 2201 506 2266 infimo.
533 2202 689 2266 Ponimus
705 2204 791 2267 enim
807 2202 880 2287 plus
897 2222 993 2286 quam
1012 2202 1180 2286 generacio

191 2307 415 2388 phariseorum
432 2310 576 2371 adultera
593 2306 690 2371 fidem
707 2308 802 2372 huius
818 2309 1006 2372 sacramenti
1034 2309 1066 2370 in
1087 2308 1180 2391 signo

190 2426 221 2475 et
254 2413 284 2474 in
321 2411 449 2495 perfidis
482 2413 736 2476 circumstanciis
774 2414 950 2496 signorum,
990 2413 1064 2496 quia
1097 2415 1179 2475 circa

188 2517 318 2580 illorum
343 2519 567 2581 observantias
583 2534 631 2582 est
647 2535 754 2582 nostra
773 2517 965 2596 sollicitudo,
991 2532 1098 2581 nostra
1114 2519 1178 2580 dis·

145 2623 317 2703 20putacio
350 2638 381 2686 et
412 2639 518 2686 nostra
547 2624 667 2707 religio.
708 2624 824 2702 Quoad
854 2644 943 2706 spem
973 2639 1061 2705 patet
1088 2624 1178 2706 quod

187 2725 291 2810 ipsam
315 2727 467 2809 ponimus
491 2729 523 2791 in
549 2730 777 2813 temporalium
802 2728 1012 2811 possessione,
1040 2728 1071 2791 in
1097 2728 1176 2791 ami·

188 2851 300 2894 corum
339 2833 601 2895 confederacione
636 2849 667 2896 et
698 2834 730 2896 in
763 2833 981 2916 prosperitatis
1014 2834 1177 2895 mundane

188 2940 455 3020 perseveracione.
489 2940 531 3001 Et
561 2941 670 3023 quoad
699 2939 861 3002 caritatem
886 2952 974 3022 patet
996 2940 1084 3022 quod
1108 2939 1176 3021 ipsa

187 3044 330 3125 sequitur
349 3045 380 3105 in
402 3044 686 3107 transformacione
710 3046 789 3107 duas
805 3064 930 3107 sorores
947 3045 1079 3127 priores,
1096 3045 1175 3107 dum

144 3148 175 3199 ²5
185 3147 256 3211 illos
270 3149 381 3213 fratres
393 3171 474 3233 quos
488 3153 664 3214 exaltamus
675 3152 714 3212 ad
725 3149 839 3213 fimum
853 3151 963 3214 mundi
977 3165 1007 3213 et
1018 3151 1175 3213 honorem

185 3256 294 3335 seculi,
322 3254 472 3338 fingimus
501 3277 562 3319 nos
586 3256 746 3319 caritative
771 3256 915 3339 diligere;
948 3256 1040 3318 illum
1063 3275 1174 3319 sexum

185 3380 281 3443 quem
299 3361 480 3443 appetimus
502 3362 656 3424 illecebris
680 3362 783 3425 carnis
806 3362 1000 3425 confundere
1023 3360 1174 3446 fingimus

185 3485 244 3527 nos
267 3486 383 3531 amare.
408 3467 448 3530 Et
472 3469 579 3550 quoad
604 3468 767 3530 caritatem
792 3467 849 3530 Dei
873 3467 924 3531 ille
948 3465 1078 3550 fingitur
1101 3468 1172 3551 plus

237 3702 252 3734 r.
264 3688 295 3735 C:
310 3691 416 3734 omnibus
426 3691 449 3735 in
461 3703 534 3744 marg.
545 3691 589 3734 alia
601 3703 679 3735 manu.
721 3689 741 3735 3.
755 3691 786 3735 E:
801 3703 893 3735 necesse
902 3696 935 3734 est
945 3697 976 3734 ur.
1017 3706 1040 3744 4.
1056 3690 1089 3736 D:
1103 3704 1171 3750 ergo.

184 3760 205 3803 [i.
214 3760 246 3803 C:
257 3761 323 3804 uobis
333 3761 355 3804 in
367 3773 440 3814 marg.
452 3761 495 3804 alia
507 3773 586 3803 manu.
628 3763 649 3809 8,
659 3773 680 3816 ςι.
690 3760 719 3803 E:
729 3761 830 3816 positum
841 3761 911 3805 deust.
954 3773 983 3805 12.
994 3761 1087 3806 auca:
1098 3763 1171 3806 nobis.

183 3832 207 3873 ln
219 3831 318 3874 Dccrcto
333 3833 388 3874 lmcc
403 3831 450 3873 duo
465 3832 547 3873 rerba:
563 3832 630 3874 nobis
643 3833 802 3887 obtigaciores
816 3832 908 3876 desunt.
951 3845 982 3884 ¹4·
993 3831 1090 3876 ACDE:
1105 3833 1172 3877 nobis

182 3902 255 3944 deest.
311 3900 541 3955 15.C:figrrar,·m
557 3902 647 3944 crased.
696 3903 886 3959 rti.l):genera.
941 3902 1171 3955 arcaturiam-

181 3983 269 4014 corum.
311 3983 346 4024 24.
355 3972 408 4015 CD:
420 3973 584 4027 carismatum,-
595 3973 625 4015 ib.
636 3971 666 4015 C:
676 3973 735 4015 duaa
743 3973 765 4016 in
776 3985 849 4028 marg.
858 3973 902 4017 alia
912 3986 987 4016 manu.
1029 3973 1062 4016 25.
1071 3973 1103 4018 C:
1113 3985 1171 4030 quos

181 4041 204 4083 in
221 4054 294 4096 marg.
310 4042 353 4084 alia
369 4054 452 4093 manu;
467 4043 498 4085 ib.
510 4042 566 4086 AB:
582 4042 615 4085 ad
627 4055 752 4094 summum·
768 4042 840 4086 CDE:
849 4042 943 4097 finium.
1002 4056 1036 4099 ²7·
1052 4043 1105 4087 AB:
1121 4044 1170 4087 itte·

180 4111 277 4164 cebras;
296 4111 327 4153 C:
343 4113 452 4155 correxit.

234 4238 256 4288 5.
285 4239 302 4288 l.
328 4238 389 4287 Cor.
412 4239 454 4299 xl,
480 4254 520 4306 ²9·
619 4257 643 4307 a.
673 4240 773 4290 llccreti
798 4240 885 4290 Tertia
915 4241 985 4301 Pars,
1014 4240 1051 4290 Dc
1080 4242 1167 4302 Cons,

181 4327 240 4375 dist.
265 4326 293 4388 ll,
321 4343 377 4391 cap.
404 4328 432 4376 l..
462 4329 518 4411 lion
549 4340 587 4378 est
616 4329 755 4393 Augustini
784 4330 830 4378 sed
854 4328 986 4379 Ambrosii
1015 4329 1055 4381 ad.
1079 4345 1101 4379 c.
1125 4330 1167 4391 xl,

182 4415 281 4479 primae
301 4416 332 4462 rui
354 4416 413 4463 Cor.

1016 4523 1023 4555 r
1034 4524 1040 4555 r
1051 4508 1067 4536 ⁴*
