<?xml version="1.0" encoding="UTF-8"?>
<!DOCTYPE html PUBLIC "-//W3C//DTD XHTML 1.0 Transitional//EN"
    "http://www.w3.org/TR/xhtml1/DTD/xhtml1-transitional.dtd">
<html xmlns="http://www.w3.org/1999/xhtml" xml:lang="en" lang="en">
 <head>
  <title>
</title>
<meta http-equiv="Content-Type" content="text/html;charset=utf-8" />
  <meta name='ocr-system' content='tesseract 3.04.00' />
  <meta name='ocr-capabilities' content='ocr_page ocr_carea ocr_par ocr_line ocrx_word'/>
</head>
<body>
  <div class='ocr_page' id='page_1' title='image "./iohanniswyclifd01losegoog/iohanniswyclifd01losegoog_0396.png"; bbox 0 0 3046 4920; ppageno 0'>
   <div class='ocr_carea' id='block_1_1' title="bbox 140 351 796 439">
    <p class='ocr_par' dir='ltr' id='par_1_1' title="bbox 140 351 796 439">
     <span class='ocr_line' id='line_1_1' title="bbox 140 351 796 439; baseline 0.005 -27"><span class='ocrx_word' id='word_1_1' title='bbox 140 365 210 412; x_wconf 80' lang='lat' dir='ltr'>cae.</span> <span class='ocrx_word' id='word_1_2' title='bbox 225 351 278 439; x_wconf 73' lang='lat' dir='ltr'>ut}</span> <span class='ocrx_word' id='word_1_3' title='bbox 485 366 531 418; x_wconf 75' lang='lat' dir='ltr'>na·</span> <span class='ocrx_word' id='word_1_4' title='bbox 550 364 796 417; x_wconf 61' lang='lat' dir='ltr'>Eucuatttsttrt.</span> 
     </span>
    </p>
   </div>
   <div class='ocr_carea' id='block_1_2' title="bbox 114 521 1320 1128">
    <p class='ocr_par' dir='ltr' id='par_1_2' title="bbox 114 521 1320 1128">
     <span class='ocr_line' id='line_1_2' title="bbox 141 521 1134 609; baseline -0.007 -20"><span class='ocrx_word' id='word_1_5' title='bbox 141 526 262 608; x_wconf 85' lang='lat' dir='ltr'>experti</span> <span class='ocrx_word' id='word_1_6' title='bbox 274 525 364 609; x_wconf 90' lang='lat' dir='ltr'>quod</span> <span class='ocrx_word' id='word_1_7' title='bbox 376 524 559 587; x_wconf 79' lang='lat' dir='ltr'>sacerdotes</span> <span class='ocrx_word' id='word_1_8' title='bbox 572 522 760 585; x_wconf 82' lang='lat' dir='ltr'>Antichristi</span> <span class='ocrx_word' id='word_1_9' title='bbox 777 542 843 586; x_wconf 92' lang='lat' dir='ltr'>non</span> <span class='ocrx_word' id='word_1_10' title='bbox 854 521 1134 585; x_wconf 82' lang='lat' dir='ltr'>excommunicant</span> 
     </span>
     <span class='ocr_line' id='line_1_3' title="bbox 140 625 1134 712; baseline -0.004 -21"><span class='ocrx_word' id='word_1_11' title='bbox 140 630 229 712; x_wconf 87' lang='lat' dir='ltr'>ipsos</span> <span class='ocrx_word' id='word_1_12' title='bbox 245 629 302 712; x_wconf 93' lang='lat' dir='ltr'>qui</span> <span class='ocrx_word' id='word_1_13' title='bbox 319 648 374 692; x_wconf 88' lang='lat' dir='ltr'>eos</span> <span class='ocrx_word' id='word_1_14' title='bbox 392 641 605 712; x_wconf 85' lang='lat' dir='ltr'>persecuntur</span> <span class='ocrx_word' id='word_1_15' title='bbox 630 625 661 689; x_wconf 91' lang='lat' dir='ltr'>in</span> <span class='ocrx_word' id='word_1_16' title='bbox 685 627 811 706; x_wconf 83' lang='lat' dir='ltr'>faciem,</span> <span class='ocrx_word' id='word_1_17' title='bbox 835 647 909 689; x_wconf 89' lang='lat' dir='ltr'>cum</span> <span class='ocrx_word' id='word_1_18' title='bbox 927 645 992 689; x_wconf 90' lang='lat' dir='ltr'>non</span> <span class='ocrx_word' id='word_1_19' title='bbox 1009 627 1134 688; x_wconf 85' lang='lat' dir='ltr'>cederet</span> 
     </span>
     <span class='ocr_line' id='line_1_4' title="bbox 139 729 1134 796; baseline -0.005 -1"><span class='ocrx_word' id='word_1_20' title='bbox 139 734 185 796; x_wconf 90' lang='lat' dir='ltr'>eis</span> <span class='ocrx_word' id='word_1_21' title='bbox 217 734 258 795; x_wconf 92' lang='lat' dir='ltr'>ad</span> <span class='ocrx_word' id='word_1_22' title='bbox 291 732 421 795; x_wconf 89' lang='lat' dir='ltr'>lucrum</span> <span class='ocrx_word' id='word_1_23' title='bbox 444 731 499 793; x_wconf 91' lang='lat' dir='ltr'>sed</span> <span class='ocrx_word' id='word_1_24' title='bbox 528 745 673 794; x_wconf 90' lang='lat' dir='ltr'>remotos</span> <span class='ocrx_word' id='word_1_25' title='bbox 701 729 984 795; x_wconf 88' lang='lat' dir='ltr'>excommunicant</span> <span class='ocrx_word' id='word_1_26' title='bbox 1011 743 1134 793; x_wconf 89' lang='lat' dir='ltr'>cecatos</span> 
     </span>
     <span class='ocr_line' id='line_1_5' title="bbox 140 833 1133 920; baseline -0.004 -21"><span class='ocrx_word' id='word_1_27' title='bbox 140 857 197 920; x_wconf 89' lang='lat' dir='ltr'>per</span> <span class='ocrx_word' id='word_1_28' title='bbox 227 850 371 920; x_wconf 91' lang='lat' dir='ltr'>satrapas</span> <span class='ocrx_word' id='word_1_29' title='bbox 404 854 482 898; x_wconf 92' lang='lat' dir='ltr'>suos</span> <span class='ocrx_word' id='word_1_30' title='bbox 505 833 707 916; x_wconf 91' lang='lat' dir='ltr'>intrinsecos,</span> <span class='ocrx_word' id='word_1_31' title='bbox 740 833 815 918; x_wconf 92' lang='lat' dir='ltr'>quia</span> <span class='ocrx_word' id='word_1_32' title='bbox 843 854 902 917; x_wconf 92' lang='lat' dir='ltr'>per</span> <span class='ocrx_word' id='word_1_33' title='bbox 931 834 992 898; x_wconf 90' lang='lat' dir='ltr'>hoc</span> <span class='ocrx_word' id='word_1_34' title='bbox 1020 849 1133 917; x_wconf 88' lang='lat' dir='ltr'>putant</span> 
     </span>
     <span class='ocr_line' id='line_1_6' title="bbox 114 938 1132 1022; baseline 0.002 -25"><span class='ocrx_word' id='word_1_35' title='bbox 114 940 305 1002; x_wconf 83' lang='lat' dir='ltr'>5iuvamine</span> <span class='ocrx_word' id='word_1_36' title='bbox 327 938 548 1022; x_wconf 81' lang='lat' dir='ltr'>generationis</span> <span class='ocrx_word' id='word_1_37' title='bbox 571 939 717 1004; x_wconf 76' lang='lat' dir='ltr'>adultere</span> <span class='ocrx_word' id='word_1_38' title='bbox 739 940 866 1003; x_wconf 91' lang='lat' dir='ltr'>lucrum</span> <span class='ocrx_word' id='word_1_39' title='bbox 888 938 932 1003; x_wconf 89' lang='lat' dir='ltr'>eis</span> <span class='ocrx_word' id='word_1_40' title='bbox 947 957 1132 1003; x_wconf 75' lang='lat' dir='ltr'>accrescere.</span> 
     </span>
     <span class='ocr_line' id='line_1_7' title="bbox 182 1040 1320 1128; baseline -0.001 -22"><span class='ocrx_word' id='word_1_41' title='bbox 182 1042 334 1107; x_wconf 90' lang='lat' dir='ltr'>Secundo</span> <span class='ocrx_word' id='word_1_42' title='bbox 357 1044 580 1128; x_wconf 85' lang='lat' dir='ltr'>principaliter</span> <span class='ocrx_word' id='word_1_43' title='bbox 604 1044 750 1126; x_wconf 82' lang='lat' dir='ltr'>arguitur</span> <span class='ocrx_word' id='word_1_44' title='bbox 771 1040 831 1127; x_wconf 85' lang='lat' dir='ltr'>per</span> <span class='ocrx_word' id='word_1_45' title='bbox 857 1043 920 1107; x_wconf 91' lang='lat' dir='ltr'>hoc</span> <span class='ocrx_word' id='word_1_46' title='bbox 948 1043 1038 1127; x_wconf 91' lang='lat' dir='ltr'>quod</span> <span class='ocrx_word' id='word_1_47' title='bbox 1061 1043 1133 1128; x_wconf 90' lang='lat' dir='ltr'>plus</span> <span class='ocrx_word' id='word_1_48' title='bbox 1177 1053 1228 1098; x_wconf 76' lang='lat' dir='ltr'>Tne</span> <span class='ocrx_word' id='word_1_49' title='bbox 1244 1055 1320 1098; x_wconf 75' lang='lat' dir='ltr'>whole</span> 
     </span>
    </p>
   </div>
   <div class='ocr_carea' id='block_1_3' title="bbox 139 1107 1332 1229">
    <p class='ocr_par' dir='ltr' id='par_1_3' title="bbox 139 1107 1332 1229">
     <span class='ocr_line' id='line_1_8' title="bbox 139 1107 1332 1229; baseline -0.007 -18"><span class='ocrx_word' id='word_1_50' title='bbox 139 1148 304 1229; x_wconf 88' lang='lat' dir='ltr'>pensanda</span> <span class='ocrx_word' id='word_1_51' title='bbox 334 1162 383 1213; x_wconf 91' lang='lat' dir='ltr'>est</span> <span class='ocrx_word' id='word_1_52' title='bbox 410 1139 497 1212; x_wconf 80' lang='lat' dir='ltr'>salus</span> <span class='ocrx_word' id='word_1_53' title='bbox 525 1163 557 1212; x_wconf 95' lang='lat' dir='ltr'>et</span> <span class='ocrx_word' id='word_1_54' title='bbox 583 1147 708 1212; x_wconf 89' lang='lat' dir='ltr'>utilitas</span> <span class='ocrx_word' id='word_1_55' title='bbox 737 1146 971 1212; x_wconf 85' lang='lat' dir='ltr'>communioris</span> <span class='ocrx_word' id='word_1_56' title='bbox 1004 1146 1134 1210; x_wconf 89' lang='lat' dir='ltr'>ecclesie</span> <span class='ocrx_word' id='word_1_57' title='bbox 1166 1107 1332 1203; x_wconf 51' lang='lat' dir='ltr'>‘hurniiir&#39;ewf</span> 
     </span>
    </p>
   </div>
   <div class='ocr_carea' id='block_1_4' title="bbox 87 1220 1352 3642">
    <p class='ocr_par' dir='ltr' id='par_1_4' title="bbox 87 1220 1352 3642">
     <span class='ocr_line' id='line_1_9' title="bbox 129 1220 1352 1338; baseline 0.004 -23"><span class='ocrx_word' id='word_1_58' title='bbox 129 1272 238 1336; x_wconf 88' lang='lat' dir='ltr'>·quam</span> <span class='ocrx_word' id='word_1_59' title='bbox 261 1251 384 1317; x_wconf 90' lang='lat' dir='ltr'>utilitas</span> <span class='ocrx_word' id='word_1_60' title='bbox 400 1253 500 1338; x_wconf 90' lang='lat' dir='ltr'>partis</span> <span class='ocrx_word' id='word_1_61' title='bbox 516 1269 591 1334; x_wconf 88' lang='lat' dir='ltr'>sue;</span> <span class='ocrx_word' id='word_1_62' title='bbox 615 1253 672 1316; x_wconf 91' lang='lat' dir='ltr'>sed</span> <span class='ocrx_word' id='word_1_63' title='bbox 689 1251 792 1315; x_wconf 89' lang='lat' dir='ltr'>clerus</span> <span class='ocrx_word' id='word_1_64' title='bbox 810 1251 987 1335; x_wconf 83' lang='lat' dir='ltr'>Anglicane</span> <span class='ocrx_word' id='word_1_65' title='bbox 1003 1250 1133 1316; x_wconf 86' lang='lat' dir='ltr'>ecclesie</span> <span class='ocrx_word' id='word_1_66' title='bbox 1144 1220 1352 1321; x_wconf 47' lang='lat' dir='ltr'>attidifr&#39;ermdifrear-</span> 
     </span>
     <span class='ocr_line' id='line_1_10' title="bbox 138 1356 1133 1442; baseline -0.001 -23"><span class='ocrx_word' id='word_1_67' title='bbox 138 1371 187 1420; x_wconf 89' lang='lat' dir='ltr'>est</span> <span class='ocrx_word' id='word_1_68' title='bbox 209 1358 340 1422; x_wconf 87' lang='lat' dir='ltr'>modice</span> <span class='ocrx_word' id='word_1_69' title='bbox 363 1378 437 1441; x_wconf 90' lang='lat' dir='ltr'>pars</span> <span class='ocrx_word' id='word_1_70' title='bbox 460 1371 610 1442; x_wconf 88' lang='lat' dir='ltr'>respectu</span> <span class='ocrx_word' id='word_1_71' title='bbox 634 1356 766 1421; x_wconf 87' lang='lat' dir='ltr'>ecclesie</span> <span class='ocrx_word' id='word_1_72' title='bbox 781 1356 885 1421; x_wconf 91' lang='lat' dir='ltr'>tocius</span> <span class='ocrx_word' id='word_1_73' title='bbox 903 1357 992 1441; x_wconf 91' lang='lat' dir='ltr'>regni</span> <span class='ocrx_word' id='word_1_74' title='bbox 1015 1357 1133 1433; x_wconf 86' lang='lat' dir='ltr'>nostri;</span> 
     </span>
     <span class='ocr_line' id='line_1_11' title="bbox 97 1461 1134 1546; baseline -0.001 -22"><span class='ocrx_word' id='word_1_75' title='bbox 97 1480 213 1544; x_wconf 77' lang='lat' dir='ltr'>toergo</span> <span class='ocrx_word' id='word_1_76' title='bbox 236 1461 332 1525; x_wconf 91' lang='lat' dir='ltr'>debet</span> <span class='ocrx_word' id='word_1_77' title='bbox 354 1461 424 1525; x_wconf 88' lang='lat' dir='ltr'>eius</span> <span class='ocrx_word' id='word_1_78' title='bbox 448 1461 569 1526; x_wconf 89' lang='lat' dir='ltr'>utilitas</span> <span class='ocrx_word' id='word_1_79' title='bbox 592 1461 667 1546; x_wconf 86' lang='lat' dir='ltr'>plus</span> <span class='ocrx_word' id='word_1_80' title='bbox 691 1461 832 1545; x_wconf 83' lang='lat' dir='ltr'>pensari3</span> <span class='ocrx_word' id='word_1_81' title='bbox 864 1481 940 1524; x_wconf 92' lang='lat' dir='ltr'>cum</span> <span class='ocrx_word' id='word_1_82' title='bbox 973 1481 1049 1544; x_wconf 90' lang='lat' dir='ltr'>ergo</span> <span class='ocrx_word' id='word_1_83' title='bbox 1077 1481 1134 1544; x_wconf 85' lang='lat' dir='ltr'>per</span> 
     </span>
     <span class='ocr_line' id='line_1_12' title="bbox 137 1564 1132 1650; baseline 0 -23"><span class='ocrx_word' id='word_1_84' title='bbox 137 1564 224 1629; x_wconf 92' lang='lat' dir='ltr'>hunc</span> <span class='ocrx_word' id='word_1_85' title='bbox 248 1565 384 1630; x_wconf 89' lang='lat' dir='ltr'>modum</span> <span class='ocrx_word' id='word_1_86' title='bbox 410 1569 588 1632; x_wconf 84' lang='lat' dir='ltr'>salvaretur</span> <span class='ocrx_word' id='word_1_87' title='bbox 616 1581 723 1631; x_wconf 94' lang='lat' dir='ltr'>totum</span> <span class='ocrx_word' id='word_1_88' title='bbox 751 1585 889 1650; x_wconf 89' lang='lat' dir='ltr'>regnum</span> <span class='ocrx_word' id='word_1_89' title='bbox 916 1566 957 1629; x_wconf 91' lang='lat' dir='ltr'>ab</span> <span class='ocrx_word' id='word_1_90' title='bbox 985 1565 1132 1629; x_wconf 84' lang='lat' dir='ltr'>hostibus</span> 
     </span>
     <span class='ocr_line' id='line_1_13' title="bbox 136 1667 1131 1758; baseline 0.001 -27"><span class='ocrx_word' id='word_1_91' title='bbox 136 1670 359 1754; x_wconf 87' lang='lat' dir='ltr'>corporalibus</span> <span class='ocrx_word' id='word_1_92' title='bbox 394 1668 503 1758; x_wconf 90' lang='lat' dir='ltr'>(quod</span> <span class='ocrx_word' id='word_1_93' title='bbox 540 1670 632 1736; x_wconf 89' lang='lat' dir='ltr'>aliter</span> <span class='ocrx_word' id='word_1_94' title='bbox 670 1668 805 1735; x_wconf 85' lang='lat' dir='ltr'>faciliter</span> <span class='ocrx_word' id='word_1_95' title='bbox 839 1671 944 1755; x_wconf 88' lang='lat' dir='ltr'>perire</span> <span class='ocrx_word' id='word_1_96' title='bbox 980 1667 1131 1755; x_wconf 88' lang='lat' dir='ltr'>poterat),</span> 
     </span>
     <span class='ocr_line' id='line_1_14' title="bbox 135 1775 1130 1859; baseline 0.002 -24"><span class='ocrx_word' id='word_1_97' title='bbox 135 1775 263 1838; x_wconf 89' lang='lat' dir='ltr'>videtur</span> <span class='ocrx_word' id='word_1_98' title='bbox 284 1775 375 1859; x_wconf 90' lang='lat' dir='ltr'>quod</span> <span class='ocrx_word' id='word_1_99' title='bbox 399 1775 554 1840; x_wconf 88' lang='lat' dir='ltr'>naturalis</span> <span class='ocrx_word' id='word_1_100' title='bbox 576 1777 665 1840; x_wconf 89' lang='lat' dir='ltr'>racio</span> <span class='ocrx_word' id='word_1_101' title='bbox 680 1776 721 1838; x_wconf 89' lang='lat' dir='ltr'>ad</span> <span class='ocrx_word' id='word_1_102' title='bbox 745 1776 808 1840; x_wconf 90' lang='lat' dir='ltr'>hoc</span> <span class='ocrx_word' id='word_1_103' title='bbox 823 1775 921 1858; x_wconf 88' lang='lat' dir='ltr'>cogit.</span> <span class='ocrx_word' id='word_1_104' title='bbox 944 1775 1039 1841; x_wconf 84' lang='lat' dir='ltr'>Unde</span> <span class='ocrx_word' id='word_1_105' title='bbox 1053 1795 1130 1839; x_wconf 92' lang='lat' dir='ltr'>con-</span> 
     </span>
     <span class='ocr_line' id='line_1_15' title="bbox 136 1878 1131 1965; baseline 0.001 -24"><span class='ocrx_word' id='word_1_106' title='bbox 136 1878 312 1943; x_wconf 90' lang='lat' dir='ltr'>siderantes</span> <span class='ocrx_word' id='word_1_107' title='bbox 340 1880 442 1945; x_wconf 85' lang='lat' dir='ltr'>alcius</span> <span class='ocrx_word' id='word_1_108' title='bbox 469 1894 590 1944; x_wconf 89' lang='lat' dir='ltr'>statum</span> <span class='ocrx_word' id='word_1_109' title='bbox 620 1881 707 1963; x_wconf 87' lang='lat' dir='ltr'>regni</span> <span class='ocrx_word' id='word_1_110' title='bbox 737 1880 849 1945; x_wconf 91' lang='lat' dir='ltr'>dicunt</span> <span class='ocrx_word' id='word_1_111' title='bbox 875 1880 965 1965; x_wconf 94' lang='lat' dir='ltr'>quod</span> <span class='ocrx_word' id='word_1_112' title='bbox 996 1900 1131 1963; x_wconf 88' lang='lat' dir='ltr'>regnum</span> 
     </span>
     <span class='ocr_line' id='line_1_16' title="bbox 96 1973 1130 2071; baseline 0.005 -29"><span class='ocrx_word' id='word_1_113' title='bbox 96 1988 285 2048; x_wconf 63' lang='lat' dir='ltr'>mnostrum</span> <span class='ocrx_word' id='word_1_114' title='bbox 309 1998 421 2068; x_wconf 90' lang='lat' dir='ltr'>posset</span> <span class='ocrx_word' id='word_1_115' title='bbox 442 1986 538 2070; x_wconf 84' lang='lat' dir='ltr'>plene</span> <span class='ocrx_word' id='word_1_116' title='bbox 560 1983 688 2049; x_wconf 88' lang='lat' dir='ltr'>defendi</span> <span class='ocrx_word' id='word_1_117' title='bbox 716 1986 757 2049; x_wconf 91' lang='lat' dir='ltr'>ab</span> <span class='ocrx_word' id='word_1_118' title='bbox 772 1973 866 2050; x_wconf 78' lang='lat' dir='ltr'>&#39;intra</span> <span class='ocrx_word' id='word_1_119' title='bbox 897 2005 953 2071; x_wconf 91' lang='lat' dir='ltr'>per</span> <span class='ocrx_word' id='word_1_120' title='bbox 975 1986 1130 2049; x_wconf 89' lang='lat' dir='ltr'>ministra·</span> 
     </span>
     <span class='ocr_line' id='line_1_17' title="bbox 136 2087 1132 2176; baseline 0.002 -26"><span class='ocrx_word' id='word_1_121' title='bbox 136 2087 265 2152; x_wconf 89' lang='lat' dir='ltr'>cionem</span> <span class='ocrx_word' id='word_1_122' title='bbox 288 2090 524 2174; x_wconf 84' lang='lat' dir='ltr'>temporalium</span> <span class='ocrx_word' id='word_1_123' title='bbox 545 2108 610 2176; x_wconf 90' lang='lat' dir='ltr'>que</span> <span class='ocrx_word' id='word_1_124' title='bbox 633 2089 765 2155; x_wconf 88' lang='lat' dir='ltr'>suntin</span> <span class='ocrx_word' id='word_1_125' title='bbox 793 2109 893 2154; x_wconf 88' lang='lat' dir='ltr'>manu</span> <span class='ocrx_word' id='word_1_126' title='bbox 924 2104 1069 2171; x_wconf 81' lang='lat' dir='ltr'>mortua3</span> <span class='ocrx_word' id='word_1_127' title='bbox 1100 2104 1132 2152; x_wconf 89' lang='lat' dir='ltr'>et</span> 
     </span>
     <span class='ocr_line' id='line_1_18' title="bbox 134 2193 1130 2280; baseline 0.001 -25"><span class='ocrx_word' id='word_1_128' title='bbox 134 2193 268 2277; x_wconf 90' lang='lat' dir='ltr'>insuper</span> <span class='ocrx_word' id='word_1_129' title='bbox 289 2194 354 2259; x_wconf 89' lang='lat' dir='ltr'>hoc</span> <span class='ocrx_word' id='word_1_130' title='bbox 378 2193 462 2259; x_wconf 86' lang='lat' dir='ltr'>foret</span> <span class='ocrx_word' id='word_1_131' title='bbox 486 2194 631 2264; x_wconf 85' lang='lat' dir='ltr'>medium</span> <span class='ocrx_word' id='word_1_132' title='bbox 654 2195 890 2280; x_wconf 88' lang='lat' dir='ltr'>multiplicandi</span> <span class='ocrx_word' id='word_1_133' title='bbox 912 2194 1060 2258; x_wconf 89' lang='lat' dir='ltr'>homines</span> <span class='ocrx_word' id='word_1_134' title='bbox 1074 2195 1130 2278; x_wconf 91' lang='lat' dir='ltr'>qui</span> 
     </span>
     <span class='ocr_line' id='line_1_19' title="bbox 133 2297 847 2384; baseline 0.003 -25"><span class='ocrx_word' id='word_1_135' title='bbox 133 2297 166 2360; x_wconf 90' lang='lat' dir='ltr'>in</span> <span class='ocrx_word' id='word_1_136' title='bbox 190 2297 251 2363; x_wconf 87' lang='lat' dir='ltr'>iste</span> <span class='ocrx_word' id='word_1_137' title='bbox 274 2319 371 2364; x_wconf 87' lang='lat' dir='ltr'>causa</span> <span class='ocrx_word' id='word_1_138' title='bbox 394 2311 516 2365; x_wconf 89' lang='lat' dir='ltr'>certare</span> <span class='ocrx_word' id='word_1_139' title='bbox 539 2313 672 2384; x_wconf 84' lang='lat' dir='ltr'>possent</span> <span class='ocrx_word' id='word_1_140' title='bbox 695 2299 847 2384; x_wconf 84' lang='lat' dir='ltr'>legitime.</span> 
     </span>
     <span class='ocr_line' id='line_1_20' title="bbox 176 2402 1338 2506; baseline 0.005 -40"><span class='ocrx_word' id='word_1_141' title='bbox 176 2403 243 2466; x_wconf 91' lang='lat' dir='ltr'>Nec</span> <span class='ocrx_word' id='word_1_142' title='bbox 265 2403 351 2468; x_wconf 81' lang='lat' dir='ltr'>valet</span> <span class='ocrx_word' id='word_1_143' title='bbox 373 2402 496 2487; x_wconf 87' lang='lat' dir='ltr'>fingere</span> <span class='ocrx_word' id='word_1_144' title='bbox 511 2404 602 2488; x_wconf 91' lang='lat' dir='ltr'>quod</span> <span class='ocrx_word' id='word_1_145' title='bbox 624 2418 818 2469; x_wconf 90' lang='lat' dir='ltr'>accresceret</span> <span class='ocrx_word' id='word_1_146' title='bbox 841 2424 941 2486; x_wconf 87' lang='lat' dir='ltr'>regno</span> <span class='ocrx_word' id='word_1_147' title='bbox 957 2417 1126 2487; x_wconf 90' lang='lat' dir='ltr'>peccatum</span> <span class='ocrx_word' id='word_1_148' title='bbox 1141 2410 1338 2506; x_wconf 49' lang='lat' dir='ltr'>„fififldffissm&#39;l</span> 
     </span>
     <span class='ocr_line' id='line_1_21' title="bbox 91 2475 1340 2592; baseline 0.006 -28"><span class='ocrx_word' id='word_1_149' title='bbox 91 2507 289 2591; x_wconf 73' lang='lat' dir='ltr'>sosacrilegii</span> <span class='ocrx_word' id='word_1_150' title='bbox 325 2528 362 2571; x_wconf 85' lang='lat' dir='ltr'>ex</span> <span class='ocrx_word' id='word_1_151' title='bbox 396 2508 458 2572; x_wconf 90' lang='lat' dir='ltr'>hoc</span> <span class='ocrx_word' id='word_1_152' title='bbox 482 2507 567 2572; x_wconf 86' lang='lat' dir='ltr'>lacto</span> <span class='ocrx_word' id='word_1_153' title='bbox 589 2510 678 2592; x_wconf 90' lang='lat' dir='ltr'>quod</span> <span class='ocrx_word' id='word_1_154' title='bbox 707 2507 909 2573; x_wconf 90' lang='lat' dir='ltr'>necessitaret</span> <span class='ocrx_word' id='word_1_155' title='bbox 937 2511 976 2572; x_wconf 92' lang='lat' dir='ltr'>ad</span> <span class='ocrx_word' id='word_1_156' title='bbox 1005 2507 1128 2571; x_wconf 88' lang='lat' dir='ltr'>ruinam</span> <span class='ocrx_word' id='word_1_157' title='bbox 1165 2475 1340 2559; x_wconf 50' lang='lat' dir='ltr'>¹¹¹¹&#39;cffiiiudi-&#39;n</span> 
     </span>
     <span class='ocr_line' id='line_1_22' title="bbox 133 2612 1129 2697; baseline 0.002 -23"><span class='ocrx_word' id='word_1_158' title='bbox 133 2612 264 2676; x_wconf 85' lang='lat' dir='ltr'>ecclesie</span> <span class='ocrx_word' id='word_1_159' title='bbox 296 2628 418 2695; x_wconf 78' lang='lat' dir='ltr'>nostre,</span> <span class='ocrx_word' id='word_1_160' title='bbox 449 2614 525 2697; x_wconf 91' lang='lat' dir='ltr'>quia</span> <span class='ocrx_word' id='word_1_161' title='bbox 559 2626 596 2677; x_wconf 91' lang='lat' dir='ltr'>ut</span> <span class='ocrx_word' id='word_1_162' title='bbox 627 2614 706 2678; x_wconf 91' lang='lat' dir='ltr'>dicit</span> <span class='ocrx_word' id='word_1_163' title='bbox 737 2616 903 2678; x_wconf 91' lang='lat' dir='ltr'>decretum</span> <span class='ocrx_word' id='word_1_164' title='bbox 936 2614 1017 2677; x_wconf 90' lang='lat' dir='ltr'>beati</span> <span class='ocrx_word' id='word_1_165' title='bbox 1051 2618 1129 2676; x_wconf 84' lang='lat' dir='ltr'>Arn-</span> 
     </span>
     <span class='ocr_line' id='line_1_23' title="bbox 133 2717 1129 2802; baseline 0 -23"><span class='ocrx_word' id='word_1_166' title='bbox 133 2717 231 2781; x_wconf 91' lang='lat' dir='ltr'>brosii</span> <span class='ocrx_word' id='word_1_167' title='bbox 254 2717 323 2800; x_wconf 85' lang='lat' dir='ltr'>XII,</span> <span class='ocrx_word' id='word_1_168' title='bbox 347 2717 518 2802; x_wconf 89' lang='lat' dir='ltr'>questione</span> <span class='ocrx_word' id='word_1_169' title='bbox 541 2717 595 2793; x_wconf 78' lang='lat'>11²,</span> <span class='ocrx_word' id='word_1_170' title='bbox 617 2721 745 2782; x_wconf 83' lang='lat' dir='ltr'>Aurum</span> <span class='ocrx_word' id='word_1_171' title='bbox 774 2719 868 2783; x_wconf 78' lang='lat' dir='ltr'>habet</span> <span class='ocrx_word' id='word_1_172' title='bbox 894 2718 1038 2794; x_wconf 86' lang='lat' dir='ltr'>ecclesia,</span> <span class='ocrx_word' id='word_1_173' title='bbox 1070 2737 1129 2800; x_wconf 92' lang='lat' dir='ltr'>pro</span> 
     </span>
     <span class='ocr_line' id='line_1_24' title="bbox 131 2822 1129 2907; baseline 0.001 -23"><span class='ocrx_word' id='word_1_174' title='bbox 131 2822 253 2885; x_wconf 92' lang='lat' dir='ltr'>alendis</span> <span class='ocrx_word' id='word_1_175' title='bbox 279 2823 487 2906; x_wconf 88' lang='lat' dir='ltr'>pauperibus,</span> <span class='ocrx_word' id='word_1_176' title='bbox 522 2844 581 2907; x_wconf 91' lang='lat' dir='ltr'>pro</span> <span class='ocrx_word' id='word_1_177' title='bbox 613 2823 808 2887; x_wconf 88' lang='lat' dir='ltr'>redimendis</span> <span class='ocrx_word' id='word_1_178' title='bbox 840 2824 974 2906; x_wconf 88' lang='lat' dir='ltr'>captivis</span> <span class='ocrx_word' id='word_1_179' title='bbox 1008 2836 1039 2886; x_wconf 91' lang='lat' dir='ltr'>et</span> <span class='ocrx_word' id='word_1_180' title='bbox 1070 2843 1129 2906; x_wconf 90' lang='lat' dir='ltr'>pro</span> 
     </span>
     <span class='ocr_line' id='line_1_25' title="bbox 131 2925 1128 2993; baseline 0.002 -3"><span class='ocrx_word' id='word_1_181' title='bbox 131 2925 263 2990; x_wconf 88' lang='lat' dir='ltr'>edificiis</span> <span class='ocrx_word' id='word_1_182' title='bbox 306 2928 492 2991; x_wconf 89' lang='lat' dir='ltr'>necessariis</span> <span class='ocrx_word' id='word_1_183' title='bbox 529 2928 606 2992; x_wconf 91' lang='lat' dir='ltr'>locis</span> <span class='ocrx_word' id='word_1_184' title='bbox 639 2930 759 2993; x_wconf 89' lang='lat' dir='ltr'>sanctis</span> <span class='ocrx_word' id='word_1_185' title='bbox 801 2929 874 2993; x_wconf 92' lang='lat' dir='ltr'>licet</span> <span class='ocrx_word' id='word_1_186' title='bbox 915 2928 1016 2993; x_wconf 84' lang='lat' dir='ltr'>eciam</span> <span class='ocrx_word' id='word_1_187' title='bbox 1053 2949 1128 2992; x_wconf 84' lang='lat' dir='ltr'>vasa</span> 
     </span>
     <span class='ocr_line' id='line_1_26' title="bbox 88 3032 1128 3118; baseline 0 -23"><span class='ocrx_word' id='word_1_188' title='bbox 88 3037 218 3097; x_wconf 70' lang='lat' dir='ltr'>aisacra</span> <span class='ocrx_word' id='word_1_189' title='bbox 251 3032 453 3112; x_wconf 81' lang='lat' dir='ltr'>confringere</span> <span class='ocrx_word' id='word_1_190' title='bbox 485 3034 555 3097; x_wconf 89' lang='lat' dir='ltr'>sine</span> <span class='ocrx_word' id='word_1_191' title='bbox 587 3049 729 3117; x_wconf 89' lang='lat' dir='ltr'>peccato.</span> <span class='ocrx_word' id='word_1_192' title='bbox 771 3032 857 3098; x_wconf 89' lang='lat' dir='ltr'>Cum</span> <span class='ocrx_word' id='word_1_193' title='bbox 886 3055 962 3118; x_wconf 88' lang='lat' dir='ltr'>ergo</span> <span class='ocrx_word' id='word_1_194' title='bbox 995 3034 1056 3098; x_wconf 89' lang='lat' dir='ltr'>hoc</span> <span class='ocrx_word' id='word_1_195' title='bbox 1088 3034 1128 3096; x_wconf 91' lang='lat' dir='ltr'>sit</span> 
     </span>
     <span class='ocr_line' id='line_1_27' title="bbox 131 3137 1124 3221; baseline -0.001 -20"><span class='ocrx_word' id='word_1_196' title='bbox 131 3137 234 3201; x_wconf 91' lang='lat' dir='ltr'>maius</span> <span class='ocrx_word' id='word_1_197' title='bbox 251 3158 349 3221; x_wconf 90' lang='lat' dir='ltr'>quam</span> <span class='ocrx_word' id='word_1_198' title='bbox 374 3139 485 3201; x_wconf 91' lang='lat' dir='ltr'>omnia</span> <span class='ocrx_word' id='word_1_199' title='bbox 510 3138 580 3216; x_wconf 90' lang='lat' dir='ltr'>ista,</span> <span class='ocrx_word' id='word_1_200' title='bbox 604 3138 701 3203; x_wconf 92' lang='lat' dir='ltr'>simul</span> <span class='ocrx_word' id='word_1_201' title='bbox 718 3159 775 3201; x_wconf 91' lang='lat' dir='ltr'>nec</span> <span class='ocrx_word' id='word_1_202' title='bbox 800 3153 929 3220; x_wconf 89' lang='lat' dir='ltr'>oportet</span> <span class='ocrx_word' id='word_1_203' title='bbox 946 3159 1020 3202; x_wconf 87' lang='lat' dir='ltr'>vasa</span> <span class='ocrx_word' id='word_1_204' title='bbox 1037 3159 1124 3201; x_wconf 90' lang='lat' dir='ltr'>sacra</span> 
     </span>
     <span class='ocr_line' id='line_1_28' title="bbox 130 3242 1127 3308; baseline 0 -4"><span class='ocrx_word' id='word_1_205' title='bbox 130 3244 170 3305; x_wconf 93' lang='lat' dir='ltr'>ad</span> <span class='ocrx_word' id='word_1_206' title='bbox 204 3242 266 3306; x_wconf 91' lang='lat' dir='ltr'>hoc</span> <span class='ocrx_word' id='word_1_207' title='bbox 299 3246 437 3306; x_wconf 88' lang='lat' dir='ltr'>vendere</span> <span class='ocrx_word' id='word_1_208' title='bbox 471 3263 529 3306; x_wconf 91' lang='lat' dir='ltr'>nec</span> <span class='ocrx_word' id='word_1_209' title='bbox 561 3243 836 3308; x_wconf 78' lang='lat' dir='ltr'>sustentationem</span> <span class='ocrx_word' id='word_1_210' title='bbox 872 3244 943 3306; x_wconf 93' lang='lat' dir='ltr'>cleri</span> <span class='ocrx_word' id='word_1_211' title='bbox 978 3245 1026 3306; x_wconf 90' lang='lat' dir='ltr'>vel</span> <span class='ocrx_word' id='word_1_212' title='bbox 1059 3244 1127 3306; x_wconf 89' lang='lat' dir='ltr'>eius</span> 
     </span>
     <span class='ocr_line' id='line_1_29' title="bbox 131 3348 1128 3432; baseline -0.001 -23"><span class='ocrx_word' id='word_1_213' title='bbox 131 3348 371 3429; x_wconf 89' lang='lat' dir='ltr'>religiositatem</span> <span class='ocrx_word' id='word_1_214' title='bbox 398 3362 564 3432; x_wconf 88' lang='lat' dir='ltr'>propterca</span> <span class='ocrx_word' id='word_1_215' title='bbox 588 3349 732 3411; x_wconf 90' lang='lat' dir='ltr'>minuere</span> <span class='ocrx_word' id='word_1_216' title='bbox 762 3349 818 3410; x_wconf 92' lang='lat' dir='ltr'>sed</span> <span class='ocrx_word' id='word_1_217' title='bbox 841 3368 969 3431; x_wconf 89' lang='lat' dir='ltr'>augere,</span> <span class='ocrx_word' id='word_1_218' title='bbox 1003 3348 1128 3411; x_wconf 88' lang='lat' dir='ltr'>videtur</span> 
     </span>
     <span class='ocr_line' id='line_1_30' title="bbox 130 3451 1126 3537; baseline -0.004 -22"><span class='ocrx_word' id='word_1_219' title='bbox 130 3454 217 3535; x_wconf 92' lang='lat' dir='ltr'>quod</span> <span class='ocrx_word' id='word_1_220' title='bbox 242 3453 304 3515; x_wconf 94' lang='lat' dir='ltr'>hoc</span> <span class='ocrx_word' id='word_1_221' title='bbox 322 3454 467 3537; x_wconf 91' lang='lat' dir='ltr'>undique</span> <span class='ocrx_word' id='word_1_222' title='bbox 484 3454 525 3517; x_wconf 91' lang='lat' dir='ltr'>sit</span> <span class='ocrx_word' id='word_1_223' title='bbox 542 3453 678 3517; x_wconf 90' lang='lat' dir='ltr'>salubre.</span> <span class='ocrx_word' id='word_1_224' title='bbox 703 3453 777 3516; x_wconf 92' lang='lat' dir='ltr'>Non</span> <span class='ocrx_word' id='word_1_225' title='bbox 802 3452 887 3514; x_wconf 91' lang='lat' dir='ltr'>enim</span> <span class='ocrx_word' id='word_1_226' title='bbox 906 3453 1031 3516; x_wconf 89' lang='lat' dir='ltr'>videtur</span> <span class='ocrx_word' id='word_1_227' title='bbox 1055 3451 1126 3515; x_wconf 87' lang='lat' dir='ltr'>finis</span> 
     </span>
     <span class='ocr_line' id='line_1_31' title="bbox 87 3557 1124 3642; baseline -0.004 -22"><span class='ocrx_word' id='word_1_228' title='bbox 87 3557 271 3621; x_wconf 84' lang='lat' dir='ltr'>3othesauri</span> <span class='ocrx_word' id='word_1_229' title='bbox 301 3558 347 3621; x_wconf 93' lang='lat' dir='ltr'>sic</span> <span class='ocrx_word' id='word_1_230' title='bbox 376 3559 532 3621; x_wconf 88' lang='lat' dir='ltr'>cumulati</span> <span class='ocrx_word' id='word_1_231' title='bbox 567 3559 598 3620; x_wconf 91' lang='lat' dir='ltr'>in</span> <span class='ocrx_word' id='word_1_232' title='bbox 634 3559 719 3620; x_wconf 90' lang='lat' dir='ltr'>clero</span> <span class='ocrx_word' id='word_1_233' title='bbox 752 3557 806 3642; x_wconf 92' lang='lat' dir='ltr'>qui</span> <span class='ocrx_word' id='word_1_234' title='bbox 838 3559 933 3620; x_wconf 91' lang='lat' dir='ltr'>debet</span> <span class='ocrx_word' id='word_1_235' title='bbox 967 3558 1124 3619; x_wconf 91' lang='lat' dir='ltr'>mundum</span> 
     </span>
    </p>
   </div>
   <div class='ocr_carea' id='block_1_5' title="bbox 130 3663 1125 3746">
    <p class='ocr_par' dir='ltr' id='par_1_5' title="bbox 130 3663 1125 3746">
     <span class='ocr_line' id='line_1_32' title="bbox 130 3663 1125 3746; baseline -0.001 -22"><span class='ocrx_word' id='word_1_236' title='bbox 130 3663 284 3737; x_wconf 87' lang='lat' dir='ltr'>deserere,</span> <span class='ocrx_word' id='word_1_237' title='bbox 310 3663 370 3727; x_wconf 89' lang='lat' dir='ltr'>nisi</span> <span class='ocrx_word' id='word_1_238' title='bbox 395 3664 484 3746; x_wconf 93' lang='lat' dir='ltr'>quod</span> <span class='ocrx_word' id='word_1_239' title='bbox 501 3663 716 3746; x_wconf 83' lang='lat' dir='ltr'>ydolatrando</span> <span class='ocrx_word' id='word_1_240' title='bbox 740 3677 913 3745; x_wconf 88' lang='lat' dir='ltr'>congreget</span> <span class='ocrx_word' id='word_1_241' title='bbox 936 3676 967 3726; x_wconf 92' lang='lat' dir='ltr'>et</span> <span class='ocrx_word' id='word_1_242' title='bbox 983 3663 1125 3745; x_wconf 88' lang='lat' dir='ltr'>parando</span> 
     </span>
    </p>
   </div>
   <div class='ocr_carea' id='block_1_6' title="bbox 129 3920 1125 4188">
    <p class='ocr_par' dir='ltr' id='par_1_6' title="bbox 129 3920 1125 4188">
     <span class='ocr_line' id='line_1_33' title="bbox 180 3920 1125 3978; baseline -0.002 -12"><span class='ocrx_word' id='word_1_243' title='bbox 180 3933 201 3966; x_wconf 74' lang='lat' dir='ltr'>a·</span> <span class='ocrx_word' id='word_1_244' title='bbox 209 3922 241 3966; x_wconf 86' lang='lat' dir='ltr'>D:</span> <span class='ocrx_word' id='word_1_245' title='bbox 253 3923 365 3978; x_wconf 56' lang='lat' dir='ltr'>infacta</span> <span class='ocrx_word' id='word_1_246' title='bbox 378 3924 408 3967; x_wconf 90' lang='lat' dir='ltr'>ib.</span> <span class='ocrx_word' id='word_1_247' title='bbox 415 3924 490 3968; x_wconf 83' lang='lat' dir='ltr'>ABC:</span> <span class='ocrx_word' id='word_1_248' title='bbox 500 3924 615 3967; x_wconf 83' lang='lat' dir='ltr'>crederet.</span> <span class='ocrx_word' id='word_1_249' title='bbox 656 3936 679 3974; x_wconf 80' lang='grc'>4.</span> <span class='ocrx_word' id='word_1_250' title='bbox 688 3921 763 3966; x_wconf 81' lang='lat' dir='ltr'>ABC:</span> <span class='ocrx_word' id='word_1_251' title='bbox 774 3926 919 3977; x_wconf 81' lang='lat' dir='ltr'>presentant.</span> <span class='ocrx_word' id='word_1_252' title='bbox 961 3920 982 3965; x_wconf 83' lang='lat'>8.</span> <span class='ocrx_word' id='word_1_253' title='bbox 992 3922 1024 3964; x_wconf 86' lang='lat' dir='ltr'>D:</span> <span class='ocrx_word' id='word_1_254' title='bbox 1033 3920 1125 3976; x_wconf 78' lang='lat' dir='ltr'>Anglie.</span> 
     </span>
     <span class='ocr_line' id='line_1_34' title="bbox 130 3990 1123 4045; baseline 0 -12"><span class='ocrx_word' id='word_1_255' title='bbox 130 4003 161 4036; x_wconf 87' lang='lat' dir='ltr'>to.</span> <span class='ocrx_word' id='word_1_256' title='bbox 181 3992 257 4036; x_wconf 77' lang='lat' dir='ltr'>ABD:</span> <span class='ocrx_word' id='word_1_257' title='bbox 277 3993 343 4036; x_wconf 80' lang='lat' dir='ltr'>debet</span> <span class='ocrx_word' id='word_1_258' title='bbox 361 3993 410 4043; x_wconf 78' lang='lat' dir='ltr'>eis:</span> <span class='ocrx_word' id='word_1_259' title='bbox 428 3993 459 4037; x_wconf 90' lang='lat' dir='ltr'>C:</span> <span class='ocrx_word' id='word_1_260' title='bbox 480 3994 530 4036; x_wconf 81' lang='lat' dir='ltr'>eius</span> <span class='ocrx_word' id='word_1_261' title='bbox 545 3993 567 4036; x_wconf 89' lang='lat' dir='ltr'>itt</span> <span class='ocrx_word' id='word_1_262' title='bbox 584 4004 676 4044; x_wconf 86' lang='lat' dir='ltr'>rasura;</span> <span class='ocrx_word' id='word_1_263' title='bbox 697 3992 728 4034; x_wconf 87' lang='lat' dir='ltr'>ib.</span> <span class='ocrx_word' id='word_1_264' title='bbox 743 3992 796 4036; x_wconf 83' lang='lat' dir='ltr'>AB:</span> <span class='ocrx_word' id='word_1_265' title='bbox 816 3993 868 4045; x_wconf 83' lang='lat' dir='ltr'>plus</span> <span class='ocrx_word' id='word_1_266' title='bbox 887 3991 963 4043; x_wconf 64' lang='lat' dir='ltr'>dcc-su</span> <span class='ocrx_word' id='word_1_267' title='bbox 983 3990 1013 4034; x_wconf 84' lang='lat' dir='ltr'>C:</span> <span class='ocrx_word' id='word_1_268' title='bbox 1029 3992 1083 4045; x_wconf 74' lang='lat' dir='ltr'>plus</span> <span class='ocrx_word' id='word_1_269' title='bbox 1101 3991 1123 4033; x_wconf 90' lang='lat' dir='ltr'>in</span> 
     </span>
     <span class='ocr_line' id='line_1_35' title="bbox 129 4060 1123 4118; baseline -0.004 -13"><span class='ocrx_word' id='word_1_270' title='bbox 129 4074 202 4116; x_wconf 82' lang='lat' dir='ltr'>marg.</span> <span class='ocrx_word' id='word_1_271' title='bbox 218 4064 262 4106; x_wconf 83' lang='lat' dir='ltr'>alia</span> <span class='ocrx_word' id='word_1_272' title='bbox 278 4075 357 4105; x_wconf 86' lang='lat' dir='ltr'>mann.</span> <span class='ocrx_word' id='word_1_273' title='bbox 409 4062 674 4107; x_wconf 75' lang='lat' dir='ltr'>tt.AllCE:salvetur.</span> <span class='ocrx_word' id='word_1_274' title='bbox 725 4061 897 4118; x_wconf 80' lang='lat' dir='ltr'>13.E:cognt.</span> <span class='ocrx_word' id='word_1_275' title='bbox 954 4060 982 4105; x_wconf 77' lang='lat'>15.</span> <span class='ocrx_word' id='word_1_276' title='bbox 998 4060 1123 4116; x_wconf 67' lang='lat' dir='ltr'>Expossr&#39;t.</span> 
     </span>
     <span class='ocr_line' id='line_1_36' title="bbox 129 4130 1122 4188; baseline -0.004 -15"><span class='ocrx_word' id='word_1_277' title='bbox 129 4131 162 4173; x_wconf 79' lang='lat'>28.</span> <span class='ocrx_word' id='word_1_278' title='bbox 178 4131 209 4175; x_wconf 83' lang='lat' dir='ltr'>E:</span> <span class='ocrx_word' id='word_1_279' title='bbox 224 4144 316 4188; x_wconf 80' lang='lat' dir='ltr'>augere</span> <span class='ocrx_word' id='word_1_280' title='bbox 330 4134 400 4188; x_wconf 60' lang='lat' dir='ltr'>quiin</span> <span class='ocrx_word' id='word_1_281' title='bbox 418 4133 511 4175; x_wconf 76' lang='lat' dir='ltr'>ridetur</span> <span class='ocrx_word' id='word_1_282' title='bbox 525 4134 597 4175; x_wconf 82' lang='lat' dir='ltr'>deest.</span> <span class='ocrx_word' id='word_1_283' title='bbox 652 4131 687 4175; x_wconf 80' lang='lat'>30.</span> <span class='ocrx_word' id='word_1_284' title='bbox 703 4132 734 4175; x_wconf 89' lang='lat' dir='ltr'>C:</span> <span class='ocrx_word' id='word_1_285' title='bbox 749 4134 784 4176; x_wconf 82' lang='lat' dir='ltr'>sic</span> <span class='ocrx_word' id='word_1_286' title='bbox 797 4133 882 4177; x_wconf 79' lang='lat' dir='ltr'>celati:</span> <span class='ocrx_word' id='word_1_287' title='bbox 896 4132 996 4174; x_wconf 80' lang='lat' dir='ltr'>correxit</span> <span class='ocrx_word' id='word_1_288' title='bbox 1011 4130 1033 4173; x_wconf 90' lang='lat' dir='ltr'>ln</span> <span class='ocrx_word' id='word_1_289' title='bbox 1050 4142 1122 4184; x_wconf 80' lang='lat' dir='ltr'>marg.</span> 
     </span>
    </p>
   </div>
   <div class='ocr_carea' id='block_1_7' title="bbox 182 4294 954 4359">
    <p class='ocr_par' dir='ltr' id='par_1_7' title="bbox 182 4294 954 4359">
     <span class='ocr_line' id='line_1_37' title="bbox 182 4294 954 4359; baseline -0.001 -17"><span class='ocrx_word' id='word_1_290' title='bbox 182 4308 223 4343; x_wconf 81' lang='lat'>22.</span> <span class='ocrx_word' id='word_1_291' title='bbox 243 4295 319 4343; x_wconf 86' lang='lat' dir='ltr'>Decr.</span> <span class='ocrx_word' id='word_1_292' title='bbox 339 4295 397 4343; x_wconf 84' lang='lat' dir='ltr'>Sec.</span> <span class='ocrx_word' id='word_1_293' title='bbox 417 4295 489 4356; x_wconf 84' lang='lat' dir='ltr'>Pars,</span> <span class='ocrx_word' id='word_1_294' title='bbox 509 4295 594 4343; x_wconf 87' lang='lat' dir='ltr'>Causa</span> <span class='ocrx_word' id='word_1_295' title='bbox 614 4295 667 4355; x_wconf 81' lang='grc' dir='ltr'>ΧΗ,</span> <span class='ocrx_word' id='word_1_296' title='bbox 687 4309 732 4359; x_wconf 91' lang='lat' dir='ltr'>qu.</span> <span class='ocrx_word' id='word_1_297' title='bbox 752 4294 780 4351; x_wconf 82' lang='grc' dir='ltr'>ΙΙ,</span> <span class='ocrx_word' id='word_1_298' title='bbox 800 4309 857 4358; x_wconf 89' lang='lat' dir='ltr'>cap.</span> <span class='ocrx_word' id='word_1_299' title='bbox 879 4294 954 4342; x_wconf 77' lang='lat' dir='ltr'>Lxx.</span> 
     </span>
    </p>
   </div>
   <div class='ocr_carea' id='block_1_8' title="bbox 0 0 1528 4920">
    <p class='ocr_par' dir='ltr' id='par_1_8' title="bbox 0 0 1528 4920">
     <span class='ocr_line' id='line_1_38' title="bbox 0 0 1528 4920; baseline 0 4"><span class='ocrx_word' id='word_1_300' title='bbox 0 0 1528 4920; x_wconf 95' lang='lat' dir='ltr'> </span> 
     </span>
    </p>
   </div>
  </div>
 </body>
</html>
