3046 4920
651 462 977 518 sonasrnsuucrrr
1183 444 1312 537 [canit.

243 654 247 659 ·
325 618 395 685 eius
421 618 714 685 contradictionem
745 622 833 705 quod
863 640 928 684 non
957 618 1048 706 panis
1070 631 1103 683 et
1125 618 1238 683 r'inum
1261 640 1310 685 re·

326 739 459 790 rnauent
472 740 548 811 port
562 726 841 793 coancncionem
855 726 934 789 illud
949 736 1187 789 “ammentum
1202 724 1311 789 altaris

324 830 381 895 sed
403 830 587 897 accideacia
606 848 671 915 que
692 830 858 915 quondam
879 830 1009 895 luerunt
1022 826 1116 913 panii
1130 840 1164 893 et
1179 828 1311 911 ainum;

326 954 393 1000 non
414 936 508 999 enim
534 932 865 1019 illuderent-populo,
896 932 1038 997 dieentes
1065 932 1194 997 tnaottre
1220 935 1312 1019 quod

324 1037 506 1105 aecideacia
527 1050 694 1123 ponuntur
713 1036 913 1103 intendentes
934 1034 1220 1101 contradictorium
1236 1036 1339 1103 dictis

325 1144 388 1209 sui.
420 1141 475 1209 Sic
496 1141 584 1208 euim
607 1138 698 1207 facile
720 1140 802 1207 loret
825 1140 950 1227 glosare
975 1158 1190 1227 quoscunque
1216 1154 1312 1206 testea

325 1246 400 1311 fidei
415 1266 474 1331 per
487 1244 782 1320 contradictorium.
806 1242 904 1311 fldem
926 1244 1057 1311 ecclesie
1078 1246 1312 1323 subvertead03

325 1350 432 1416 videat
458 1370 538 1431 ergo
559 1348 673 1435 -primo
698 1350 843 1437 glosatm
868 1350 1036 1437 quomodo
1059 1348 1168 1415 nuilus
1190 1348 1313 1417 diceret

324 1474 443 1539 panem
465 1467 498 1521 et
518 1454 631 1520 riuum
653 1454 733 1539 poni
748 1456 789 1526 ,in
809 1454 901 1521 altari
923 1468 998 1521 ante
1019 1454 1311 1541 consecracionem,

324 1560 388 1625 hoc
401 1573 461 1642 est,
484 1557 538 1623 ille
553 1558 731 1627 accidencia
747 1580 815 1625 non
839 1559 926 1625 illam
948 1558 1180 1637 subsnnciam
1202 1557 1312 1623 videat
1324 1582 1356 1621 1ο

322 1663 467 1730 secundo
498 1664 590 1750 quod
619 1682 702 1751 eque
732 1663 848 1730 lalauor
879 1676 928 1729 eat
951 1664 1006 1729 itu
1032 1662 1211 1751 eccidencie
1239 1682 1311 1729 ease

324 1788 445 1855 corpus
473 1766 594 1835 Christi
620 1782 653 1833 et
677 1768 866 1855 unguinem
894 1768 975 1834 sicut
1002 1767 1073 1833 illae
1100 1764 1310 1848 substanciae,

323 1886 356 1939 et
381 1892 465 1959 eque
491 1892 565 1939 vere
590 1870 731 1959 figurant
757 1872 810 1937 ille
836 1874 1016 1939 substancie
1046 1890 1164 1957 carpus
1187 1869 1311 1938 Christi

324 1991 361 2042 ut
381 1978 578 2059 aecideacia3
600 1976 706 2043 rideat
727 1978 827 2042 tercio
848 1976 1019 2062 quomodo
1040 1976 1198 2061 scriptura
1215 1994 1310 2040 sacra

323 2104 342 2145 a
356 2102 422 2167 qua
436 2080 638 2167 exemplatur
651 2080 713 2147 iata
726 2080 851 2147 locucio
868 2102 934 2147 non
956 2079 1104 2165 intelligit
1118 2100 1176 2165 per
1187 2099 1311 2165 panem
1324 2088 1354 2143 15

323 2201 356 2252 et
376 2186 491 2259 vinum
519 2186 579 2257 illa,
601 2184 779 2251 accideucie
806 2187 863 2251 sed
887 2186 972 2269 ipsas
996 2184 1310 2263 muchs-Quare

322 2309 400 2375 ergo
415 2308 483 2355 noo
499 2290 546 2355 ric
559 2288 748 2375 intelligeret
763 2290 926 2356 decretum
942 2306 1016 2355 cutn
1031 2288 1151 2356 mactis
1165 2288 1309 2353 doctori·

323 2389 402 2460 bus?
424 2394 544 2459 Tercio
570 2392 779 2459 confirmatur
800 2409 836 2460 ut
856 2414 931 2478 sepe
953 2394 1042 2479 quod
1065 2394 1161 2457 verba
1188 2391 1309 2457 decreti

323 2498 425 2584 magis
448 2498 647 2565 concordant
660 2518 736 2565 cum
758 2498 911 2583 scriptura
927 2511 959 2562 et
973 2497 1091 2563 sanctie
1106 2496 1308 2577 doctoribus,

322 2623 396 2669 cunt
429 2602 559 2669 racione
591 2616 624 2667 et
654 2618 766 2682 sensu3
799 2602 872 2667 ideo
904 2618 970 2667 tam
1002 2602 1120 2667 maturi
1148 2618 1179 2667 et
1207 2602 1355 2666 cannino

322 2708 464 2792 episcopi
488 2708 539 2771 vel
567 2706 777 2791 intelligerent
804 2704 925 2772 lamone
952 2727 1009 2790 per
1031 2708 1128 2771 verba
1155 2704 1230 2769 fidei
1257 2709 1308 2770 vel

323 2813 536 2897 exprimerent
568 2830 699 2875 tensum
730 2831 835 2875 suurn.
868 2812 921 2877 Sic
952 2813 1039 2875 enirn
1071 2811 1221 2895 explanat
1252 2812 1308 2875 de·

322 2932 442 2981 cretum
482 2917 674 2980 multociens
716 2918 881 3001 quomodo
917 2917 1009 2980 debet
1050 2915 1183 2998 intelligi
1217 2917 1309 3000 qnod

322 3021 412 3105 panis
428 3035 476 3085 est
492 3040 610 3104 corpus
622 3018 751 3097 Christi,
774 3021 834 3085 hoc
856 3037 913 3102 est,
937 3020 1064 3103 signum
1079 3022 1308 3084 sacramentale

322 3126 405 3205 eius;
436 3126 493 3209 qui
517 3127 633 3189 modus
662 3125 814 3209 loquendi
838 3124 897 3188 luit
925 3124 1069 3188 famosus
1093 3124 1352 3208 inscriptorum

321 3246 353 3292 er
380 3245 457 3293 tuac
488 3244 639 3312 acceptus
661 3250 680 3292 a
702 3231 838 3312 populo,
871 3231 927 3293 sed
958 3243 1032 3311 post
1064 3228 1235 3292 declinavit
1266 3231 1306 3292 ad

323 3335 577 3420 predicacionem
600 3335 826 3419 ydempticarn.

155 3448 257 3494 ernian
369 3441 464 3505 Unde
493 3440 591 3503 hodie
620 3441 817 3525 loquendum
845 3437 927 3503 soret
958 3439 1166 3503 conlormiter
1199 3440 1305 3503 sensui

106 3505 219 3556 language
232 3512 313 3557 tgrcca

122 3553 296 3650 “mlum
323 3543 472 3630 exposito
488 3558 520 3608 et
535 3544 686 3608 scandalo
709 3542 826 3608 infide
850 3546 1005 3626 subiecto,
1027 3564 1141 3628 ymmo
1157 3542 1306 3609 Christus

127 3658 289 3766 rigimini.
322 3670 387 3715 non
420 3649 531 3727 omisit
557 3649 602 3714 sic
630 3650 718 3733 loqui
747 3665 878 3734 propter
901 3651 1097 3730 scandalum,
1127 3664 1162 3714 ut
1190 3649 1351 3714 diciturto

320 3756 487 3835 Jon.v1⁰;
518 3757 575 3819 sed
597 3754 754 3820 subtiliter
786 3757 975 3840 exponitse
1003 3756 1121 3840 ipsum,
1154 3768 1191 3819 ut
1213 3759 1306 3821 docet

320 3862 484 3926 decretum
502 3860 673 3944 Augustini
697 3880 792 3945 super
816 3861 939 3925 Psalmo
964 3862 1033 3942 tvo,
1057 3863 1146 3946 quod
1172 3862 1305 3944 ponitur

372 4079 389 4112 r.
404 4066 437 4111 D:
456 4066 673 4112 contradictoriam.
748 4065 768 4112 3.
782 4065 876 4112 nucu:
895 4072 919 4112 el
931 4066 987 4111 nini.
1062 4079 1086 4119 4.
1102 4065 1133 4110 C:
1153 4067 1219 4124 quad
1231 4066 1304 4111 decst.

320 4136 338 4182 5.
354 4136 385 4183 C:
403 4136 539 4183 accidentia
553 4139 598 4183 alia
613 4148 692 4182 manu.
755 4149 837 4192 11-14.
852 4137 882 4183 C:
902 4139 956 4182 illas
969 4137 1116 4182 constamine
1130 4160 1155 4170 -
1168 4137 1304 4182 arridencia

319 4209 363 4252 alia
375 4219 454 4253 manu.
498 4206 528 4254 13.
538 4208 570 4252 C:
583 4207 695 4267 rigeant:
706 4206 738 4253 ib.
749 4207 782 4253 Dr
796 4209 837 4254 ille
848 4209 980 4254 mbrtanca'e
992 4207 1064 4252 deest.
1106 4219 1138 4260 14.
1150 4207 1180 4252 B:
1200 4206 1304 4252 Videant.

320 4290 351 4334 ¹7·
365 4277 558 4323 Alienieraon.
606 4288 639 4322 aa.
653 4276 687 4323 D:
701 4277 762 4323 eninr
775 4279 847 4323 deest.
894 4276 928 4322 23.
942 4278 975 4322 u:
989 4277 1132 4335 intelligere.
1180 4274 1302 4322 sauine:

318 4348 402 4392 amitit.
465 4345 502 4403 30,
515 4344 546 4393 31.
561 4346 636 4394 Atre:
654 4347 708 4394 lat.
723 4346 819 4394 Vlrdcul
832 4349 927 4394 dicitur.
990 4345 1304 4392 taurominitanum.

320 4416 356 4461 Cl.
367 4416 457 4461 llocrat.
468 4418 483 4461 1.
492 4428 513 4461 c.
523 4427 575 4474 cap.
583 4416 681 4471 xnutt:
690 4418 722 4463 lb.
731 4417 783 4463 AB:
793 4418 961 4476 gaodpnnltnr
968 4419 1046 4471 deest:
1056 4418 1088 4464 C:
1098 4417 1163 4476 quod
1170 4418 1304 4474 carnaliter.
