3046 4920
657 446 824 498 solvamus
842 446 980 497 wvcnvr
1177 425 1314 514 [cantv.

327 602 505 661 secundum
539 600 754 665 differenciam
782 622 846 685 qua
874 617 947 685 post
975 603 1079 683 ipsum
1106 614 1182 662 sunt
1207 601 1312 683 positi.

328 703 439 788 Aliqui
469 705 570 768 eciam
600 720 808 790 sequerentur
835 707 940 788 ipsum
969 703 1179 787 propinquius
1207 718 1238 766 et
1260 704 1313 766 alii

326 808 501 872 distancius
514 810 693 873 secundum
703 812 791 894 quod
804 811 834 875 in
851 809 953 872 calore
964 821 995 870 et
1004 808 1119 869 virtute
1134 807 1314 869 secundum

326 914 435 976 locum
459 913 581 977 motiva
604 929 635 977 et
656 914 782 996 organis
798 913 974 994 variantur;
998 911 1041 974 sic
1057 911 1173 993 dispari
1189 911 1312 974 incessu

326 1033 478 1081 secuntur
497 1017 606 1080 fideles
628 1016 793 1082 Christum
815 1017 991 1080 secundum
1015 1015 1232 1098 disparitatem
1255 1022 1341 1079 sta-5

327 1136 422 1184 tuum
445 1136 477 1185 et
500 1119 603 1203 gracie
626 1120 743 1204 quibus
766 1120 949 1203 capitaneus
972 1120 1043 1182 illos
1063 1132 1167 1184 vocat.
1191 1118 1315 1183 Omnes

326 1239 435 1287 tamen
459 1224 630 1287 salvandos
653 1237 781 1307 oportet
802 1225 893 1307 sequi
917 1223 1002 1287 hunc
1018 1225 1133 1287 ducem
1152 1219 1203 1309 (ut
1219 1224 1317 1288 docet

327 1327 550 1393 Crisostomus
582 1327 617 1390 ln
650 1327 840 1412 lmperfecto
862 1327 987 1392 Omelia
1008 1326 1106 1414 vlu),
1140 1328 1215 1413 quia
1247 1329 1315 1412 ipse

153 1444 216 1544 wip
230 1447 268 1490 nc
327 1446 374 1496 est
406 1433 455 1495 via
490 1432 558 1496 sine
593 1452 657 1515 qua
692 1453 788 1496 nemo
827 1448 931 1517 potest
967 1435 1115 1497 celestem
1151 1434 1313 1498 civitatem

105 1501 199 1555 evangel
212 1507 246 1543 sts
259 1511 316 1555 vary
376 1537 382 1551 ,
684 1538 692 1551 ,
930 1539 936 1551 .
1117 1538 1123 1550 .

129 1551 290 1648 tarr-pontng
326 1552 495 1620 attingere.
533 1538 627 1601 Unde
664 1552 707 1602 att
742 1554 849 1623 supra:
883 1539 1010 1622 Triplex
1048 1552 1178 1622 ponitur
1210 1558 1314 1620 causa,
1329 1560 1358 1594 ιο

107 1603 207 1648 mmm
222 1616 273 1647 ω
292 1616 310 1648 ⁵'
325 1661 424 1725 quare
451 1654 592 1726 quatuor
618 1644 806 1726 evangeliste
838 1644 892 1727 qui
926 1659 1001 1707 sunt
1030 1663 1148 1726 organa
1176 1642 1314 1728 Spiritus

326 1747 437 1811 Sancti
448 1760 575 1811 tantum
592 1747 624 1811 in
641 1748 709 1811 istis
721 1747 824 1811 verbis
838 1748 1118 1811 sacramentalibus
1134 1747 1314 1827 variabant;

326 1851 433 1934 potuit
464 1851 551 1916 enim
592 1851 739 1916 facillime
778 1851 877 1915 iacere
914 1872 1026 1915 omnes
1063 1852 1135 1915 illos
1175 1866 1315 1936 quatuor

325 1956 477 2020 similime
510 1959 719 2037 concordare;
756 1959 811 2020 sed
849 1957 907 2020 ista
947 1956 1082 2020 variacio
1119 1956 1181 2020 fuit
1213 1957 1314 2039 magis

326 2062 534 2141 conveniens,
574 2063 682 2144 primo
721 2075 756 2125 ut
788 2063 916 2126 doceret
952 2083 1008 2144 per
1039 2061 1101 2124 hoc
1134 2061 1356 2145 predictamm

326 2166 490 2229 veritatem
513 2165 709 2230 katholicam
726 2167 891 2251 quomodo
907 2180 992 2230 totus
1015 2166 1204 2229 christianus
1228 2185 1312 2228 exer·

325 2270 407 2333 citus
431 2271 527 2334 debet
550 2271 718 2354 dispariter
740 2273 830 2356 sequi
853 2270 1032 2355 Christum3
1064 2271 1146 2334 sicut
1174 2271 1311 2333 istorum

325 2391 468 2460 quatuor
505 2378 771 2459 evangelistarum
805 2377 951 2460 discipuli
987 2376 1125 2460 quadam
1163 2377 1313 2439 varietate

324 2481 450 2544 decenti
475 2482 536 2544 sub
562 2481 654 2544 variis
679 2481 789 2546 formis
813 2481 986 2545 conficiunt
1008 2496 1253 2560 sacramentum,
1282 2494 1313 2542 et

325 2607 440 2649 omnes
469 2601 651 2670 sequuntur
674 2585 854 2667 Christum;
881 2588 1021 2650 secundo
1045 2602 1080 2650 ut
1105 2588 1162 2648 iste
1186 2585 1312 2648 subtilis
1324 2607 1357 2641 20

325 2706 356 2753 et
373 2691 464 2753 realis
482 2691 694 2774 philosophus
712 2693 857 2755 ostendat
872 2712 904 2753 se
926 2692 1039 2754 habere
1056 2712 1164 2753 curam
1181 2710 1311 2773 parvam

325 2797 364 2858 de
396 2796 494 2877 signis
527 2798 582 2858 sed
615 2796 830 2879 principaliter
861 2798 1019 2859 attendere
1048 2797 1087 2857 ad
1116 2796 1310 2859 sentenciam

325 2899 537 2982 designatam,
562 2917 592 2963 et
615 2901 712 2963 tercio
734 2916 768 2963 ut
784 2903 832 2963 lex
848 2921 904 2964 sua
925 2903 956 2963 in
973 2904 1121 2963 varietate
1139 2903 1311 2963 verborum

324 3025 388 3086 que
421 3019 496 3067 sunt
530 3005 623 3066 nobis
656 3006 805 3068 exercicia
844 3008 883 3069 sit
920 3008 1080 3088 gravidata
1120 3006 1311 3068 multiformi

325 3109 494 3172 sentencia.
519 3110 592 3172 Non
610 3110 696 3172 enim
712 3126 758 3172 est
778 3112 882 3194 aliqua
898 3112 1031 3174 istorum
1047 3111 1309 3194 evangelistarum
1323 3117 1355 3168 25

324 3228 617 3296 quantumcunque
656 3235 751 3297 parva
785 3216 925 3295 varietas,
964 3216 1040 3299 quin
1074 3216 1169 3279 trahit
1201 3235 1311 3279 secum

325 3320 502 3381 notandam
534 3320 746 3383 subtilitatem
777 3321 943 3400 sentencie,
978 3337 1010 3383 ut
1044 3321 1075 3382 in
1108 3336 1311 3383 sacramento

324 3423 489 3506 sanguinis
505 3423 707 3505 singulariter
718 3423 753 3488 fit
768 3426 893 3488 mencio
903 3427 941 3487 de
953 3440 1153 3508 testamento,
1164 3426 1310 3510 quamvis

324 3541 389 3589 tam
415 3529 617 3591 consecracio
641 3529 731 3614 panis
756 3551 852 3614 quam
876 3531 979 3593 calicis
1003 3531 1042 3591 ad
1067 3551 1190 3593 novum
1215 3544 1310 3593 testa·

324 3648 470 3696 mentum
496 3633 667 3716 pertineat;
697 3635 786 3698 cuius
810 3636 985 3698 misterium
1013 3639 1106 3698 credo
1131 3657 1198 3698 esse
1222 3636 1311 3719 quod
1323 3644 1354 3693 30

376 3938 396 3973 2.
411 3929 465 3972 AB:
485 3935 507 3973 cI
520 3930 609 3985 alapam
629 3928 648 3974 C
662 3940 722 3973 corr.
738 3931 783 3974 alii.
837 3928 856 3973 3.
871 3931 924 3974 AB:
940 3934 1019 3976 calore
1033 3939 1055 3976 et
1068 3933 1144 3986 deest;
1164 3932 1220 3976 Cin
1237 3944 1310 3988 marg.

323 3999 367 4041 ulia
390 4011 460 4042 manu
482 4000 555 4042 addit.
640 4013 663 4052 4.
686 4000 718 4043 D:
743 4001 850 4055 dispersi.
935 4004 954 4045 8.
977 4003 1071 4046 nucu:
1097 4003 1188 4046 Onthr‘a
1209 4001 1310 4046 XXVIII.

324 4081 350 4113 ιι.
367 4068 398 4113 E:
412 4071 520 4125 qualiter.
577 4069 606 4114 13.
623 4070 675 4114 DE:
695 4072 758 4114 istos.
811 4083 847 4123 aa.
863 4070 894 4114 u:
914 4073 947 4114 nd
960 4073 1113 4124 mercimoni,-
1133 4072 1163 4116 C:
1182 4075 1214 4116 sit
1227 4074 1310 4130 guida.

323 4138 355 4183 25.
373 4139 405 4182 D:
420 4141 477 4182 alia.
533 4138 567 4182 30.
583 4140 636 4183 AB:
652 4143 728 4184 crede.

375 4301 400 4351 8.
429 4304 455 4352 S.
481 4301 663 4369 chrysostomi
689 4304 764 4369 Opus
790 4304 970 4370 lmperlectum
996 4307 1020 4354 in
1050 4305 1210 4355 llatthaeum
1240 4306 1311 4371 Opp.

323 4400 389 4439 tom.
405 4390 437 4438 Vl
458 4390 512 4452 (ed.
533 4391 613 4440 Paris.
633 4392 733 4451 altera),
752 4407 810 4457 pag.
831 4391 888 4456 785.
