<?xml version="1.0" encoding="UTF-8"?>
<!DOCTYPE html PUBLIC "-//W3C//DTD XHTML 1.0 Transitional//EN"
    "http://www.w3.org/TR/xhtml1/DTD/xhtml1-transitional.dtd">
<html xmlns="http://www.w3.org/1999/xhtml" xml:lang="en" lang="en">
 <head>
  <title>
</title>
<meta http-equiv="Content-Type" content="text/html;charset=utf-8" />
  <meta name='ocr-system' content='tesseract 3.04.00' />
  <meta name='ocr-capabilities' content='ocr_page ocr_carea ocr_par ocr_line ocrx_word'/>
</head>
<body>
  <div class='ocr_page' id='page_1' title='image "./iohanniswyclifd01losegoog/iohanniswyclifd01losegoog_0181.png"; bbox 0 0 3046 4920; ppageno 0'>
   <div class='ocr_carea' id='block_1_1' title="bbox 104 2666 284 2829">
    <p class='ocr_par' dir='ltr' id='par_1_1' title="bbox 104 2666 284 2829">
     <span class='ocr_line' id='line_1_1' title="bbox 104 2666 284 2710; baseline 0 0"><span class='ocrx_word' id='word_1_1' title='bbox 104 2666 191 2710; x_wconf 82' lang='lat' dir='ltr'>Errors</span> <span class='ocrx_word' id='word_1_2' title='bbox 204 2667 232 2710; x_wconf 89' lang='lat' dir='ltr'>ol</span> <span class='ocrx_word' id='word_1_3' title='bbox 244 2667 284 2710; x_wconf 87' lang='lat' dir='ltr'>tlrc</span> 
     </span>
     <span class='ocr_line' id='line_1_2' title="bbox 137 2717 253 2764; baseline -0.009 0"><span class='ocrx_word' id='word_1_4' title='bbox 137 2717 211 2764; x_wconf 86' lang='lat' dir='ltr'>Court</span> <span class='ocrx_word' id='word_1_5' title='bbox 225 2720 253 2763; x_wconf 89' lang='lat' dir='ltr'>ol</span> 
     </span>
     <span class='ocr_line' id='line_1_3' title="bbox 138 2773 257 2829; baseline -0.008 -13"><span class='ocrx_word' id='word_1_6' title='bbox 138 2773 257 2829; x_wconf 76' lang='lat' dir='ltr'>Arignorr.</span> 
     </span>
    </p>
   </div>
   <div class='ocr_carea' id='block_1_2' title="bbox 644 396 1307 487">
    <p class='ocr_par' dir='ltr' id='par_1_2' title="bbox 644 396 1307 487">
     <span class='ocr_line' id='line_1_4' title="bbox 644 396 1307 487; baseline -0.008 -24"><span class='ocrx_word' id='word_1_7' title='bbox 644 410 815 463; x_wconf 82' lang='lat' dir='ltr'>rotrartrtts</span> <span class='ocrx_word' id='word_1_8' title='bbox 832 412 973 465; x_wconf 78' lang='lat' dir='ltr'>wrctrr</span> <span class='ocrx_word' id='word_1_9' title='bbox 1169 396 1307 487; x_wconf 76' lang='lat' dir='ltr'>[cantv.</span> 
     </span>
    </p>
   </div>
   <div class='ocr_carea' id='block_1_3' title="bbox 306 566 1348 3891">
    <p class='ocr_par' dir='ltr' id='par_1_3' title="bbox 306 566 1348 3891">
     <span class='ocr_line' id='line_1_5' title="bbox 316 566 1306 639; baseline 0.006 -8"><span class='ocrx_word' id='word_1_10' title='bbox 316 566 505 632; x_wconf 88' lang='lat' dir='ltr'>huiusmodi</span> <span class='ocrx_word' id='word_1_11' title='bbox 536 568 570 631; x_wconf 95' lang='lat' dir='ltr'>in</span> <span class='ocrx_word' id='word_1_12' title='bbox 602 584 767 639; x_wconf 89' lang='lat' dir='ltr'>concreto.</span> <span class='ocrx_word' id='word_1_13' title='bbox 804 570 870 635; x_wconf 89' lang='lat' dir='ltr'>Nec</span> <span class='ocrx_word' id='word_1_14' title='bbox 904 568 1029 634; x_wconf 88' lang='lat' dir='ltr'>videtur</span> <span class='ocrx_word' id='word_1_15' title='bbox 1064 589 1102 633; x_wconf 85' lang='lat' dir='ltr'>ex</span> <span class='ocrx_word' id='word_1_16' title='bbox 1135 571 1306 637; x_wconf 76' lang='lat' dir='ltr'>evidenciis</span> 
     </span>
     <span class='ocr_line' id='line_1_6' title="bbox 315 672 1307 757; baseline 0.006 -22"><span class='ocrx_word' id='word_1_17' title='bbox 315 672 405 755; x_wconf 93' lang='lat' dir='ltr'>quod</span> <span class='ocrx_word' id='word_1_18' title='bbox 437 672 621 738; x_wconf 88' lang='lat' dir='ltr'>accidencia</span> <span class='ocrx_word' id='word_1_19' title='bbox 654 672 772 757; x_wconf 88' lang='lat' dir='ltr'>prioris</span> <span class='ocrx_word' id='word_1_20' title='bbox 802 675 869 739; x_wconf 83' lang='lat' dir='ltr'>vini</span> <span class='ocrx_word' id='word_1_21' title='bbox 900 673 1204 740; x_wconf 79' lang='lat' dir='ltr'>circumfunduntur</span> <span class='ocrx_word' id='word_1_22' title='bbox 1231 676 1307 741; x_wconf 82' lang='lat' dir='ltr'>vino</span> 
     </span>
     <span class='ocr_line' id='line_1_7' title="bbox 315 778 1305 865; baseline 0.006 -25"><span class='ocrx_word' id='word_1_23' title='bbox 315 792 390 860; x_wconf 91' lang='lat' dir='ltr'>post</span> <span class='ocrx_word' id='word_1_24' title='bbox 408 778 692 844; x_wconf 76' lang='lat' dir='ltr'>consecracionem</span> <span class='ocrx_word' id='word_1_25' title='bbox 704 780 833 863; x_wconf 90' lang='lat' dir='ltr'>iniecto,</span> <span class='ocrx_word' id='word_1_26' title='bbox 849 780 924 865; x_wconf 87' lang='lat' dir='ltr'>quia</span> <span class='ocrx_word' id='word_1_27' title='bbox 938 798 1021 865; x_wconf 89' lang='lat' dir='ltr'>eque</span> <span class='ocrx_word' id='word_1_28' title='bbox 1034 779 1146 843; x_wconf 87' lang='lat' dir='ltr'>vinum</span> <span class='ocrx_word' id='word_1_29' title='bbox 1163 779 1305 846; x_wconf 88' lang='lat' dir='ltr'>inlusum</span> 
     </span>
     <span class='ocr_line' id='line_1_8' title="bbox 316 881 1305 969; baseline 0.005 -26"><span class='ocrx_word' id='word_1_30' title='bbox 316 881 443 947; x_wconf 86' lang='lat' dir='ltr'>utribus</span> <span class='ocrx_word' id='word_1_31' title='bbox 468 884 518 946; x_wconf 88' lang='lat' dir='ltr'>vel</span> <span class='ocrx_word' id='word_1_32' title='bbox 542 882 595 948; x_wconf 91' lang='lat' dir='ltr'>alii</span> <span class='ocrx_word' id='word_1_33' title='bbox 618 884 686 949; x_wconf 81' lang='lat' dir='ltr'>vasi</span> <span class='ocrx_word' id='word_1_34' title='bbox 710 884 824 969; x_wconf 86' lang='lat' dir='ltr'>recipit</span> <span class='ocrx_word' id='word_1_35' title='bbox 844 904 994 969; x_wconf 87' lang='lat' dir='ltr'>saporem</span> <span class='ocrx_word' id='word_1_36' title='bbox 1016 885 1058 948; x_wconf 86' lang='lat' dir='ltr'>ab</span> <span class='ocrx_word' id='word_1_37' title='bbox 1073 884 1119 948; x_wconf 91' lang='lat' dir='ltr'>eis</span> <span class='ocrx_word' id='word_1_38' title='bbox 1133 884 1223 969; x_wconf 87' lang='lat' dir='ltr'>quod</span> <span class='ocrx_word' id='word_1_39' title='bbox 1239 904 1305 948; x_wconf 90' lang='lat' dir='ltr'>uon</span> 
     </span>
     <span class='ocr_line' id='line_1_9' title="bbox 315 985 1330 1075; baseline 0.001 -25"><span class='ocrx_word' id='word_1_40' title='bbox 315 1000 423 1071; x_wconf 91' lang='lat' dir='ltr'>potest</span> <span class='ocrx_word' id='word_1_41' title='bbox 444 985 525 1071; x_wconf 88' lang='lat' dir='ltr'>lingi</span> <span class='ocrx_word' id='word_1_42' title='bbox 547 988 629 1074; x_wconf 93' lang='lat' dir='ltr'>tingi</span> <span class='ocrx_word' id='word_1_43' title='bbox 650 1009 671 1052; x_wconf 89' lang='lat' dir='ltr'>a</span> <span class='ocrx_word' id='word_1_44' title='bbox 692 1008 808 1075; x_wconf 87' lang='lat' dir='ltr'>sapore</span> <span class='ocrx_word' id='word_1_45' title='bbox 828 1008 886 1073; x_wconf 90' lang='lat' dir='ltr'>per</span> <span class='ocrx_word' id='word_1_46' title='bbox 906 1009 940 1053; x_wconf 88' lang='lat' dir='ltr'>se</span> <span class='ocrx_word' id='word_1_47' title='bbox 961 989 1081 1053; x_wconf 86' lang='lat' dir='ltr'>latente</span> <span class='ocrx_word' id='word_1_48' title='bbox 1108 989 1141 1052; x_wconf 89' lang='lat' dir='ltr'>in</span> <span class='ocrx_word' id='word_1_49' title='bbox 1169 989 1330 1071; x_wconf 79' lang='lat' dir='ltr'>utribus,5</span> 
     </span>
     <span class='ocr_line' id='line_1_10' title="bbox 313 1092 1306 1177; baseline 0.002 -22"><span class='ocrx_word' id='word_1_50' title='bbox 313 1092 371 1155; x_wconf 88' lang='lat' dir='ltr'>sed</span> <span class='ocrx_word' id='word_1_51' title='bbox 403 1112 545 1177; x_wconf 88' lang='lat' dir='ltr'>corpora</span> <span class='ocrx_word' id='word_1_52' title='bbox 574 1092 706 1159; x_wconf 83' lang='lat' dir='ltr'>subtilia</span> <span class='ocrx_word' id='word_1_53' title='bbox 738 1094 873 1160; x_wconf 89' lang='lat' dir='ltr'>latencia</span> <span class='ocrx_word' id='word_1_54' title='bbox 906 1106 1088 1174; x_wconf 88' lang='lat' dir='ltr'>consumat,</span> <span class='ocrx_word' id='word_1_55' title='bbox 1115 1093 1248 1157; x_wconf 89' lang='lat' dir='ltr'>odorem</span> <span class='ocrx_word' id='word_1_56' title='bbox 1271 1108 1306 1157; x_wconf 83' lang='lat' dir='ltr'>et</span> 
     </span>
     <span class='ocr_line' id='line_1_11' title="bbox 314 1196 1304 1283; baseline 0.002 -24"><span class='ocrx_word' id='word_1_57' title='bbox 314 1216 474 1280; x_wconf 87' lang='lat' dir='ltr'>saporem,</span> <span class='ocrx_word' id='word_1_58' title='bbox 496 1217 536 1263; x_wconf 84' lang='lat' dir='ltr'>ex</span> <span class='ocrx_word' id='word_1_59' title='bbox 559 1216 702 1282; x_wconf 87' lang='lat' dir='ltr'>quorum</span> <span class='ocrx_word' id='word_1_60' title='bbox 723 1198 953 1265; x_wconf 82' lang='lat' dir='ltr'>commixtione</span> <span class='ocrx_word' id='word_1_61' title='bbox 975 1198 1085 1283; x_wconf 91' lang='lat' dir='ltr'>liquor</span> <span class='ocrx_word' id='word_1_62' title='bbox 1106 1196 1231 1263; x_wconf 83' lang='lat' dir='ltr'>inlusus</span> <span class='ocrx_word' id='word_1_63' title='bbox 1258 1198 1304 1261; x_wconf 91' lang='lat' dir='ltr'>in·</span> 
     </span>
     <span class='ocr_line' id='line_1_12' title="bbox 313 1299 1305 1388; baseline 0.003 -25"><span class='ocrx_word' id='word_1_64' title='bbox 313 1299 463 1383; x_wconf 86' lang='lat' dir='ltr'>tingitur;</span> <span class='ocrx_word' id='word_1_65' title='bbox 494 1314 527 1366; x_wconf 88' lang='lat' dir='ltr'>ct</span> <span class='ocrx_word' id='word_1_66' title='bbox 560 1300 643 1367; x_wconf 85' lang='lat' dir='ltr'>lorte</span> <span class='ocrx_word' id='word_1_67' title='bbox 675 1300 720 1367; x_wconf 88' lang='lat' dir='ltr'>aic</span> <span class='ocrx_word' id='word_1_68' title='bbox 747 1302 930 1388; x_wconf 85' lang='lat' dir='ltr'>intelligunt</span> <span class='ocrx_word' id='word_1_69' title='bbox 957 1302 1002 1367; x_wconf 87' lang='lat' dir='ltr'>lrii</span> <span class='ocrx_word' id='word_1_70' title='bbox 1031 1302 1211 1368; x_wconf 81' lang='lat' dir='ltr'>accidentia</span> <span class='ocrx_word' id='word_1_71' title='bbox 1240 1323 1305 1387; x_wconf 92' lang='lat' dir='ltr'>que</span> 
     </span>
     <span class='ocr_line' id='line_1_13' title="bbox 313 1404 1304 1493; baseline 0.004 -26"><span class='ocrx_word' id='word_1_72' title='bbox 313 1424 370 1489; x_wconf 89' lang='lat' dir='ltr'>per</span> <span class='ocrx_word' id='word_1_73' title='bbox 390 1424 426 1469; x_wconf 85' lang='lat' dir='ltr'>ae</span> <span class='ocrx_word' id='word_1_74' title='bbox 448 1404 592 1471; x_wconf 83' lang='lat' dir='ltr'>esistunt</span> <span class='ocrx_word' id='word_1_75' title='bbox 613 1405 647 1471; x_wconf 89' lang='lat' dir='ltr'>iu</span> <span class='ocrx_word' id='word_1_76' title='bbox 672 1406 779 1471; x_wconf 87' lang='lat' dir='ltr'>hostia</span> <span class='ocrx_word' id='word_1_77' title='bbox 800 1426 868 1471; x_wconf 88' lang='lat' dir='ltr'>esse</span> <span class='ocrx_word' id='word_1_78' title='bbox 890 1427 1025 1493; x_wconf 87' lang='lat' dir='ltr'>corpora</span> <span class='ocrx_word' id='word_1_79' title='bbox 1052 1406 1182 1474; x_wconf 74' lang='lat' dir='ltr'>subtilia</span> <span class='ocrx_word' id='word_1_80' title='bbox 1204 1408 1304 1471; x_wconf 89' lang='lat' dir='ltr'>modo</span> 
     </span>
     <span class='ocr_line' id='line_1_14' title="bbox 313 1508 1348 1597; baseline -0.001 -26"><span class='ocrx_word' id='word_1_81' title='bbox 313 1527 380 1592; x_wconf 93' lang='lat' dir='ltr'>quo</span> <span class='ocrx_word' id='word_1_82' title='bbox 400 1508 541 1593; x_wconf 87' lang='lat' dir='ltr'>pictores</span> <span class='ocrx_word' id='word_1_83' title='bbox 560 1524 679 1575; x_wconf 80' lang='lat' dir='ltr'>vocant</span> <span class='ocrx_word' id='word_1_84' title='bbox 697 1530 834 1596; x_wconf 91' lang='lat' dir='ltr'>corpora</span> <span class='ocrx_word' id='word_1_85' title='bbox 854 1510 972 1597; x_wconf 90' lang='lat' dir='ltr'>quibus</span> <span class='ocrx_word' id='word_1_86' title='bbox 995 1512 1139 1575; x_wconf 88' lang='lat' dir='ltr'>liniendo</span> <span class='ocrx_word' id='word_1_87' title='bbox 1162 1510 1304 1596; x_wconf 85' lang='lat' dir='ltr'>pingunt</span> <span class='ocrx_word' id='word_1_88' title='bbox 1316 1533 1348 1571; x_wconf 87' lang='lat' dir='ltr'>ro</span> 
     </span>
     <span class='ocr_line' id='line_1_15' title="bbox 312 1612 1304 1701; baseline 0.005 -26"><span class='ocrx_word' id='word_1_89' title='bbox 312 1613 437 1677; x_wconf 88' lang='lat' dir='ltr'>colores</span> <span class='ocrx_word' id='word_1_90' title='bbox 473 1614 656 1698; x_wconf 65' lang='lat' dir='ltr'>pictorum</span> <span class='ocrx_word' id='word_1_91' title='bbox 695 1634 770 1679; x_wconf 89' lang='lat' dir='ltr'>narn</span> <span class='ocrx_word' id='word_1_92' title='bbox 801 1612 853 1701; x_wconf 88' lang='lat' dir='ltr'>(ut</span> <span class='ocrx_word' id='word_1_93' title='bbox 882 1612 1036 1700; x_wconf 84' lang='lat' dir='ltr'>latentur)</span> <span class='ocrx_word' id='word_1_94' title='bbox 1065 1629 1304 1682; x_wconf 83' lang='lat' dir='ltr'>sacramentum</span> 
     </span>
     <span class='ocr_line' id='line_1_16' title="bbox 312 1716 1302 1805; baseline 0.004 -25"><span class='ocrx_word' id='word_1_95' title='bbox 312 1716 419 1782; x_wconf 88' lang='lat' dir='ltr'>calicis</span> <span class='ocrx_word' id='word_1_96' title='bbox 446 1731 556 1801; x_wconf 89' lang='lat' dir='ltr'>potest</span> <span class='ocrx_word' id='word_1_97' title='bbox 583 1717 712 1784; x_wconf 82' lang='lat' dir='ltr'>misceri</span> <span class='ocrx_word' id='word_1_98' title='bbox 734 1738 809 1783; x_wconf 91' lang='lat' dir='ltr'>cum</span> <span class='ocrx_word' id='word_1_99' title='bbox 832 1718 919 1799; x_wconf 88' lang='lat' dir='ltr'>vino,</span> <span class='ocrx_word' id='word_1_100' title='bbox 940 1733 973 1786; x_wconf 87' lang='lat' dir='ltr'>et</span> <span class='ocrx_word' id='word_1_101' title='bbox 996 1718 1042 1783; x_wconf 88' lang='lat' dir='ltr'>sic</span> <span class='ocrx_word' id='word_1_102' title='bbox 1063 1734 1171 1785; x_wconf 92' lang='lat' dir='ltr'>totum</span> <span class='ocrx_word' id='word_1_103' title='bbox 1192 1739 1302 1805; x_wconf 89' lang='lat' dir='ltr'>aggre-</span> 
     </span>
     <span class='ocr_line' id='line_1_17' title="bbox 311 1821 1302 1909; baseline 0.005 -26"><span class='ocrx_word' id='word_1_104' title='bbox 311 1833 424 1903; x_wconf 89' lang='lat' dir='ltr'>gatum</span> <span class='ocrx_word' id='word_1_105' title='bbox 461 1821 546 1888; x_wconf 83' lang='lat' dir='ltr'>iuret</span> <span class='ocrx_word' id='word_1_106' title='bbox 583 1836 823 1887; x_wconf 88' lang='lat' dir='ltr'>sacramentum</span> <span class='ocrx_word' id='word_1_107' title='bbox 859 1822 929 1887; x_wconf 90' lang='lat' dir='ltr'>sine</span> <span class='ocrx_word' id='word_1_108' title='bbox 961 1822 1129 1909; x_wconf 83' lang='lat' dir='ltr'>ydolatria,</span> <span class='ocrx_word' id='word_1_109' title='bbox 1166 1837 1198 1887; x_wconf 92' lang='lat' dir='ltr'>et</span> <span class='ocrx_word' id='word_1_110' title='bbox 1234 1837 1302 1889; x_wconf 89' lang='lat' dir='ltr'>tam</span> 
     </span>
     <span class='ocr_line' id='line_1_18' title="bbox 312 1924 1302 2013; baseline 0.005 -26"><span class='ocrx_word' id='word_1_111' title='bbox 312 1924 477 2008; x_wconf 87' lang='lat' dir='ltr'>quantitas</span> <span class='ocrx_word' id='word_1_112' title='bbox 503 1944 604 2013; x_wconf 87' lang='lat' dir='ltr'>quam</span> <span class='ocrx_word' id='word_1_113' title='bbox 632 1926 768 2010; x_wconf 74' lang='lat' dir='ltr'>qualitas</span> <span class='ocrx_word' id='word_1_114' title='bbox 794 1924 948 1990; x_wconf 74' lang='lat' dir='ltr'>rarefacta</span> <span class='ocrx_word' id='word_1_115' title='bbox 972 1928 1151 2011; x_wconf 88' lang='lat' dir='ltr'>composita</span> <span class='ocrx_word' id='word_1_116' title='bbox 1175 1947 1213 1991; x_wconf 86' lang='lat' dir='ltr'>ex</span> <span class='ocrx_word' id='word_1_117' title='bbox 1235 1926 1302 1992; x_wconf 86' lang='lat' dir='ltr'>suis</span> 
     </span>
     <span class='ocr_line' id='line_1_19' title="bbox 312 2028 1345 2115; baseline 0.002 -24"><span class='ocrx_word' id='word_1_118' title='bbox 312 2028 457 2113; x_wconf 88' lang='lat' dir='ltr'>partibus</span> <span class='ocrx_word' id='word_1_119' title='bbox 487 2028 666 2107; x_wconf 84' lang='lat' dir='ltr'>intensivis,</span> <span class='ocrx_word' id='word_1_120' title='bbox 694 2029 799 2115; x_wconf 88' lang='lat' dir='ltr'>posito</span> <span class='ocrx_word' id='word_1_121' title='bbox 829 2031 919 2114; x_wconf 91' lang='lat' dir='ltr'>quod</span> <span class='ocrx_word' id='word_1_122' title='bbox 950 2049 1053 2095; x_wconf 85' lang='lat' dir='ltr'>unum</span> <span class='ocrx_word' id='word_1_123' title='bbox 1084 2031 1172 2095; x_wconf 86' lang='lat' dir='ltr'>aliud</span> <span class='ocrx_word' id='word_1_124' title='bbox 1198 2038 1345 2096; x_wconf 75' lang='lat' dir='ltr'>sacra-15</span> 
     </span>
     <span class='ocr_line' id='line_1_20' title="bbox 313 2134 1302 2220; baseline 0.004 -24"><span class='ocrx_word' id='word_1_125' title='bbox 313 2147 471 2215; x_wconf 87' lang='lat' dir='ltr'>mentum,</span> <span class='ocrx_word' id='word_1_126' title='bbox 495 2134 632 2200; x_wconf 89' lang='lat' dir='ltr'>tercium</span> <span class='ocrx_word' id='word_1_127' title='bbox 654 2150 688 2201; x_wconf 89' lang='lat' dir='ltr'>et</span> <span class='ocrx_word' id='word_1_128' title='bbox 709 2148 860 2220; x_wconf 89' lang='lat' dir='ltr'>qunrtunt</span> <span class='ocrx_word' id='word_1_129' title='bbox 875 2135 1141 2201; x_wconf 85' lang='lat' dir='ltr'>commisceantur</span> <span class='ocrx_word' id='word_1_130' title='bbox 1156 2136 1189 2200; x_wconf 91' lang='lat' dir='ltr'>in</span> <span class='ocrx_word' id='word_1_131' title='bbox 1205 2135 1302 2201; x_wconf 88' lang='lat' dir='ltr'>calice</span> 
     </span>
     <span class='ocr_line' id='line_1_21' title="bbox 311 2238 1300 2325; baseline 0.003 -24"><span class='ocrx_word' id='word_1_132' title='bbox 311 2258 376 2323; x_wconf 93' lang='lat' dir='ltr'>que</span> <span class='ocrx_word' id='word_1_133' title='bbox 398 2238 598 2305; x_wconf 88' lang='lat' dir='ltr'>constituant</span> <span class='ocrx_word' id='word_1_134' title='bbox 622 2259 725 2305; x_wconf 89' lang='lat' dir='ltr'>unum</span> <span class='ocrx_word' id='word_1_135' title='bbox 746 2254 993 2321; x_wconf 82' lang='lat' dir='ltr'>sacramentum,</span> <span class='ocrx_word' id='word_1_136' title='bbox 1016 2255 1049 2306; x_wconf 93' lang='lat' dir='ltr'>et</span> <span class='ocrx_word' id='word_1_137' title='bbox 1063 2240 1110 2305; x_wconf 88' lang='lat' dir='ltr'>ric</span> <span class='ocrx_word' id='word_1_138' title='bbox 1125 2260 1184 2305; x_wconf 86' lang='lat' dir='ltr'>nec</span> <span class='ocrx_word' id='word_1_139' title='bbox 1199 2260 1300 2325; x_wconf 91' lang='lat' dir='ltr'>quan·</span> 
     </span>
     <span class='ocr_line' id='line_1_22' title="bbox 312 2344 1301 2437; baseline 0.003 -31"><span class='ocrx_word' id='word_1_140' title='bbox 312 2345 385 2408; x_wconf 86' lang='lat' dir='ltr'>titas</span> <span class='ocrx_word' id='word_1_141' title='bbox 407 2363 467 2408; x_wconf 91' lang='lat' dir='ltr'>nec</span> <span class='ocrx_word' id='word_1_142' title='bbox 490 2346 630 2437; x_wconf 82' lang='lat' dir='ltr'>qualitas</span> <span class='ocrx_word' id='word_1_143' title='bbox 653 2344 738 2411; x_wconf 87' lang='lat' dir='ltr'>locet</span> <span class='ocrx_word' id='word_1_144' title='bbox 760 2359 994 2409; x_wconf 79' lang='lat' dir='ltr'>scemmentum</span> <span class='ocrx_word' id='word_1_145' title='bbox 1018 2345 1217 2425; x_wconf 84' lang='lat' dir='ltr'>eucharistie,</span> <span class='ocrx_word' id='word_1_146' title='bbox 1243 2346 1301 2411; x_wconf 90' lang='lat' dir='ltr'>sed</span> 
     </span>
     <span class='ocr_line' id='line_1_23' title="bbox 310 2448 1300 2535; baseline 0.007 -29"><span class='ocrx_word' id='word_1_147' title='bbox 310 2448 361 2511; x_wconf 81' lang='lat' dir='ltr'>vel</span> <span class='ocrx_word' id='word_1_148' title='bbox 374 2448 487 2513; x_wconf 80' lang='lat' dir='ltr'>vinum</span> <span class='ocrx_word' id='word_1_149' title='bbox 505 2450 554 2512; x_wconf 88' lang='lat' dir='ltr'>vel</span> <span class='ocrx_word' id='word_1_150' title='bbox 570 2469 610 2514; x_wconf 82' lang='lat' dir='ltr'>ex</span> <span class='ocrx_word' id='word_1_151' title='bbox 624 2449 701 2513; x_wconf 82' lang='lat' dir='ltr'>vino</span> <span class='ocrx_word' id='word_1_152' title='bbox 716 2462 750 2513; x_wconf 89' lang='lat' dir='ltr'>et</span> <span class='ocrx_word' id='word_1_153' title='bbox 760 2450 927 2515; x_wconf 74' lang='lat' dir='ltr'>sanctitate</span> <span class='ocrx_word' id='word_1_154' title='bbox 938 2463 995 2514; x_wconf 91' lang='lat' dir='ltr'>aut</span> <span class='ocrx_word' id='word_1_155' title='bbox 1005 2450 1068 2513; x_wconf 92' lang='lat' dir='ltr'>alio</span> <span class='ocrx_word' id='word_1_156' title='bbox 1081 2466 1300 2535; x_wconf 87' lang='lat' dir='ltr'>aggregatum.</span> 
     </span>
     <span class='ocr_line' id='line_1_24' title="bbox 311 2550 1343 2638; baseline -0.001 -25"><span class='ocrx_word' id='word_1_157' title='bbox 311 2551 435 2616; x_wconf 86' lang='lat' dir='ltr'>Veritas</span> <span class='ocrx_word' id='word_1_158' title='bbox 458 2552 568 2638; x_wconf 91' lang='lat' dir='ltr'>itaque</span> <span class='ocrx_word' id='word_1_159' title='bbox 589 2550 700 2617; x_wconf 90' lang='lat' dir='ltr'>irridet</span> <span class='ocrx_word' id='word_1_160' title='bbox 725 2555 805 2618; x_wconf 88' lang='lat' dir='ltr'>tales</span> <span class='ocrx_word' id='word_1_161' title='bbox 826 2574 924 2617; x_wconf 83' lang='lat' dir='ltr'>vanas</span> <span class='ocrx_word' id='word_1_162' title='bbox 948 2552 1091 2619; x_wconf 80' lang='lat' dir='ltr'>fictitias.</span> <span class='ocrx_word' id='word_1_163' title='bbox 1310 2575 1343 2612; x_wconf 80' lang='grc' dir='ltr'>ιο</span> 
     </span>
     <span class='ocr_line' id='line_1_25' title="bbox 353 2655 1299 2740; baseline -0.002 -19"><span class='ocrx_word' id='word_1_164' title='bbox 353 2656 417 2721; x_wconf 89' lang='lat' dir='ltr'>Sed</span> <span class='ocrx_word' id='word_1_165' title='bbox 436 2655 545 2721; x_wconf 86' lang='lat' dir='ltr'>adhuc</span> <span class='ocrx_word' id='word_1_166' title='bbox 564 2658 695 2740; x_wconf 87' lang='lat' dir='ltr'>prodest</span> <span class='ocrx_word' id='word_1_167' title='bbox 711 2658 830 2722; x_wconf 88' lang='lat' dir='ltr'>curiam</span> <span class='ocrx_word' id='word_1_168' title='bbox 845 2657 1059 2722; x_wconf 80' lang='lat' dir='ltr'>Avinonicam</span> <span class='ocrx_word' id='word_1_169' title='bbox 1083 2655 1299 2721; x_wconf 86' lang='lat' dir='ltr'>intromittere</span> 
     </span>
     <span class='ocr_line' id='line_1_26' title="bbox 308 2761 1300 2847; baseline 0.004 -25"><span class='ocrx_word' id='word_1_170' title='bbox 308 2779 342 2823; x_wconf 89' lang='lat' dir='ltr'>se</span> <span class='ocrx_word' id='word_1_171' title='bbox 373 2761 457 2825; x_wconf 87' lang='lat' dir='ltr'>circa</span> <span class='ocrx_word' id='word_1_172' title='bbox 489 2761 569 2826; x_wconf 88' lang='lat' dir='ltr'>tales</span> <span class='ocrx_word' id='word_1_173' title='bbox 602 2762 752 2825; x_wconf 88' lang='lat' dir='ltr'>materias</span> <span class='ocrx_word' id='word_1_174' title='bbox 786 2781 866 2847; x_wconf 86' lang='lat' dir='ltr'>quas</span> <span class='ocrx_word' id='word_1_175' title='bbox 897 2762 1024 2845; x_wconf 82' lang='lat' dir='ltr'>ignorat</span> <span class='ocrx_word' id='word_1_176' title='bbox 1051 2776 1083 2824; x_wconf 91' lang='lat' dir='ltr'>et</span> <span class='ocrx_word' id='word_1_177' title='bbox 1115 2762 1300 2846; x_wconf 80' lang='lat' dir='ltr'>ignoranter</span> 
     </span>
     <span class='ocr_line' id='line_1_27' title="bbox 309 2865 1297 2950; baseline 0.002 -24"><span class='ocrx_word' id='word_1_178' title='bbox 309 2877 443 2928; x_wconf 84' lang='lat' dir='ltr'>testetur</span> <span class='ocrx_word' id='word_1_179' title='bbox 475 2866 508 2927; x_wconf 93' lang='lat' dir='ltr'>in</span> <span class='ocrx_word' id='word_1_180' title='bbox 541 2866 704 2950; x_wconf 87' lang='lat' dir='ltr'>aliquibus</span> <span class='ocrx_word' id='word_1_181' title='bbox 736 2867 910 2941; x_wconf 82' lang='lat' dir='ltr'>veritatem,</span> <span class='ocrx_word' id='word_1_182' title='bbox 944 2880 980 2929; x_wconf 95' lang='lat' dir='ltr'>ut</span> <span class='ocrx_word' id='word_1_183' title='bbox 1015 2867 1173 2949; x_wconf 82' lang='lat' dir='ltr'>exemplet</span> <span class='ocrx_word' id='word_1_184' title='bbox 1206 2865 1297 2928; x_wconf 87' lang='lat' dir='ltr'>nobis</span> 
     </span>
     <span class='ocr_line' id='line_1_28' title="bbox 308 2968 1297 3052; baseline 0.001 -22"><span class='ocrx_word' id='word_1_185' title='bbox 308 2969 477 3052; x_wconf 90' lang='lat' dir='ltr'>quomodo</span> <span class='ocrx_word' id='word_1_186' title='bbox 493 2970 533 3033; x_wconf 93' lang='lat' dir='ltr'>de</span> <span class='ocrx_word' id='word_1_187' title='bbox 548 2970 665 3034; x_wconf 89' lang='lat' dir='ltr'>talibus</span> <span class='ocrx_word' id='word_1_188' title='bbox 680 2968 804 3034; x_wconf 91' lang='lat' dir='ltr'>licitum</span> <span class='ocrx_word' id='word_1_189' title='bbox 821 2985 868 3033; x_wconf 89' lang='lat' dir='ltr'>est</span> <span class='ocrx_word' id='word_1_190' title='bbox 883 2983 1025 3052; x_wconf 82' lang='lat' dir='ltr'>tractare,</span> <span class='ocrx_word' id='word_1_191' title='bbox 1043 2984 1074 3034; x_wconf 91' lang='lat' dir='ltr'>et</span> <span class='ocrx_word' id='word_1_192' title='bbox 1087 2984 1123 3033; x_wconf 93' lang='lat' dir='ltr'>ut</span> <span class='ocrx_word' id='word_1_193' title='bbox 1133 2970 1297 3033; x_wconf 90' lang='lat' dir='ltr'>videamus</span> 
     </span>
     <span class='ocr_line' id='line_1_29' title="bbox 307 3071 1338 3155; baseline 0.001 -21"><span class='ocrx_word' id='word_1_194' title='bbox 307 3092 407 3155; x_wconf 88' lang='lat' dir='ltr'>quam</span> <span class='ocrx_word' id='word_1_195' title='bbox 423 3071 576 3137; x_wconf 83' lang='lat' dir='ltr'>frivolum</span> <span class='ocrx_word' id='word_1_196' title='bbox 593 3073 840 3139; x_wconf 85' lang='lat' dir='ltr'>fundamentum</span> <span class='ocrx_word' id='word_1_197' title='bbox 854 3088 915 3138; x_wconf 87' lang='lat' dir='ltr'>est:</span> <span class='ocrx_word' id='word_1_198' title='bbox 939 3075 965 3136; x_wconf 88' lang='lat' dir='ltr'>si</span> <span class='ocrx_word' id='word_1_199' title='bbox 981 3074 1084 3138; x_wconf 90' lang='lat' dir='ltr'>clerus</span> <span class='ocrx_word' id='word_1_200' title='bbox 1100 3074 1297 3137; x_wconf 80' lang='lat' dir='ltr'>Avinonicus</span> <span class='ocrx_word' id='word_1_201' title='bbox 1308 3084 1338 3136; x_wconf 78' lang='lat'>25</span> 
     </span>
     <span class='ocr_line' id='line_1_30' title="bbox 307 3177 1297 3262; baseline 0.001 -22"><span class='ocrx_word' id='word_1_202' title='bbox 307 3177 351 3240; x_wconf 88' lang='lat' dir='ltr'>sic</span> <span class='ocrx_word' id='word_1_203' title='bbox 383 3177 502 3241; x_wconf 88' lang='lat' dir='ltr'>diffinit</span> <span class='ocrx_word' id='word_1_204' title='bbox 533 3178 564 3240; x_wconf 91' lang='lat' dir='ltr'>in</span> <span class='ocrx_word' id='word_1_205' title='bbox 595 3177 669 3255; x_wconf 86' lang='lat' dir='ltr'>fide,</span> <span class='ocrx_word' id='word_1_206' title='bbox 702 3193 779 3243; x_wconf 88' lang='lat' dir='ltr'>tunc</span> <span class='ocrx_word' id='word_1_207' title='bbox 806 3193 935 3262; x_wconf 88' lang='lat' dir='ltr'>oportet</span> <span class='ocrx_word' id='word_1_208' title='bbox 966 3199 1079 3242; x_wconf 87' lang='lat' dir='ltr'>omnes</span> <span class='ocrx_word' id='word_1_209' title='bbox 1111 3178 1297 3242; x_wconf 87' lang='lat' dir='ltr'>christianos</span> 
     </span>
     <span class='ocr_line' id='line_1_31' title="bbox 307 3282 1297 3366; baseline 0 -21"><span class='ocrx_word' id='word_1_210' title='bbox 307 3282 351 3345; x_wconf 86' lang='lat' dir='ltr'>sic</span> <span class='ocrx_word' id='word_1_211' title='bbox 367 3283 506 3346; x_wconf 88' lang='lat' dir='ltr'>credere.</span> <span class='ocrx_word' id='word_1_212' title='bbox 530 3285 612 3346; x_wconf 86' lang='lat' dir='ltr'>Nam</span> <span class='ocrx_word' id='word_1_213' title='bbox 630 3284 810 3366; x_wconf 90' lang='lat' dir='ltr'>predictum</span> <span class='ocrx_word' id='word_1_214' title='bbox 827 3285 987 3347; x_wconf 87' lang='lat' dir='ltr'>decretum</span> <span class='ocrx_word' id='word_1_215' title='bbox 1004 3284 1134 3347; x_wconf 86' lang='lat' dir='ltr'>ecclesie</span> <span class='ocrx_word' id='word_1_216' title='bbox 1150 3284 1297 3346; x_wconf 86' lang='lat' dir='ltr'>Romane</span> 
     </span>
     <span class='ocr_line' id='line_1_32' title="bbox 307 3386 1296 3473; baseline 0.001 -24"><span class='ocrx_word' id='word_1_217' title='bbox 307 3386 339 3449; x_wconf 94' lang='lat' dir='ltr'>in</span> <span class='ocrx_word' id='word_1_218' title='bbox 379 3407 515 3471; x_wconf 88' lang='lat' dir='ltr'>persona</span> <span class='ocrx_word' id='word_1_219' title='bbox 549 3388 726 3473; x_wconf 88' lang='lat' dir='ltr'>Beringarii</span> <span class='ocrx_word' id='word_1_220' title='bbox 764 3403 796 3452; x_wconf 92' lang='lat' dir='ltr'>et</span> <span class='ocrx_word' id='word_1_221' title='bbox 835 3388 973 3472; x_wconf 89' lang='lat' dir='ltr'>predicte</span> <span class='ocrx_word' id='word_1_222' title='bbox 1012 3389 1184 3452; x_wconf 86' lang='lat' dir='ltr'>decretales</span> <span class='ocrx_word' id='word_1_223' title='bbox 1222 3388 1296 3452; x_wconf 90' lang='lat' dir='ltr'>cleri</span> 
     </span>
     <span class='ocr_line' id='line_1_33' title="bbox 306 3493 1296 3578; baseline 0.002 -23"><span class='ocrx_word' id='word_1_224' title='bbox 306 3493 478 3556; x_wconf 89' lang='lat' dir='ltr'>Avinonici</span> <span class='ocrx_word' id='word_1_225' title='bbox 509 3494 658 3557; x_wconf 88' lang='lat' dir='ltr'>videntur</span> <span class='ocrx_word' id='word_1_226' title='bbox 685 3515 830 3578; x_wconf 84' lang='lat' dir='ltr'>expresse</span> <span class='ocrx_word' id='word_1_227' title='bbox 859 3494 1084 3575; x_wconf 87' lang='lat' dir='ltr'>contradicere,</span> <span class='ocrx_word' id='word_1_228' title='bbox 1118 3494 1190 3557; x_wconf 92' lang='lat' dir='ltr'>ideo</span> <span class='ocrx_word' id='word_1_229' title='bbox 1214 3493 1296 3558; x_wconf 85' lang='lat' dir='ltr'>foret</span> 
     </span>
     <span class='ocr_line' id='line_1_34' title="bbox 308 3598 1340 3684; baseline -0.002 -24"><span class='ocrx_word' id='word_1_230' title='bbox 308 3618 393 3681; x_wconf 86' lang='lat' dir='ltr'>opus</span> <span class='ocrx_word' id='word_1_231' title='bbox 417 3598 603 3681; x_wconf 83' lang='lat' dir='ltr'>magistrale</span> <span class='ocrx_word' id='word_1_232' title='bbox 625 3599 805 3684; x_wconf 87' lang='lat' dir='ltr'>specialiter</span> <span class='ocrx_word' id='word_1_233' title='bbox 826 3599 967 3680; x_wconf 88' lang='lat' dir='ltr'>theologi</span> <span class='ocrx_word' id='word_1_234' title='bbox 991 3615 1046 3663; x_wconf 84' lang='lat' dir='ltr'>aut</span> <span class='ocrx_word' id='word_1_235' title='bbox 1075 3600 1242 3662; x_wconf 86' lang='lat' dir='ltr'>decretiste</span> <span class='ocrx_word' id='word_1_236' title='bbox 1270 3598 1295 3663; x_wconf 86' lang='lat' dir='ltr'>si</span> <span class='ocrx_word' id='word_1_237' title='bbox 1307 3609 1340 3662; x_wconf 88' lang='lat'>30</span> 
     </span>
     <span class='ocr_line' id='line_1_35' title="bbox 307 3703 1296 3788; baseline 0.001 -22"><span class='ocrx_word' id='word_1_238' title='bbox 307 3704 425 3786; x_wconf 91' lang='lat' dir='ltr'>poterit</span> <span class='ocrx_word' id='word_1_239' title='bbox 449 3703 566 3767; x_wconf 84' lang='lat' dir='ltr'>harum</span> <span class='ocrx_word' id='word_1_240' title='bbox 590 3704 793 3768; x_wconf 87' lang='lat' dir='ltr'>ecclesiarum</span> <span class='ocrx_word' id='word_1_241' title='bbox 817 3704 994 3768; x_wconf 87' lang='lat' dir='ltr'>sentencias</span> <span class='ocrx_word' id='word_1_242' title='bbox 1017 3706 1220 3788; x_wconf 89' lang='lat' dir='ltr'>concordare,</span> <span class='ocrx_word' id='word_1_243' title='bbox 1247 3706 1296 3767; x_wconf 89' lang='lat' dir='ltr'>vel</span> 
     </span>
     <span class='ocr_line' id='line_1_36' title="bbox 307 3808 1296 3891; baseline 0 -21"><span class='ocrx_word' id='word_1_244' title='bbox 307 3808 333 3870; x_wconf 86' lang='lat' dir='ltr'>si</span> <span class='ocrx_word' id='word_1_245' title='bbox 362 3830 428 3871; x_wconf 90' lang='lat' dir='ltr'>non</span> <span class='ocrx_word' id='word_1_246' title='bbox 458 3824 565 3891; x_wconf 90' lang='lat' dir='ltr'>potest</span> <span class='ocrx_word' id='word_1_247' title='bbox 594 3810 646 3873; x_wconf 87' lang='lat' dir='ltr'>cui</span> <span class='ocrx_word' id='word_1_248' title='bbox 679 3809 812 3873; x_wconf 85' lang='lat' dir='ltr'>istarum</span> <span class='ocrx_word' id='word_1_249' title='bbox 839 3810 1074 3874; x_wconf 80' lang='lat' dir='ltr'>sententiarum</span> <span class='ocrx_word' id='word_1_250' title='bbox 1103 3810 1296 3872; x_wconf 88' lang='lat' dir='ltr'>credendum</span> 
     </span>
    </p>
   </div>
   <div class='ocr_carea' id='block_1_4' title="bbox 306 4014 1297 4421">
    <p class='ocr_par' dir='ltr' id='par_1_4' title="bbox 306 4014 1297 4421">
     <span class='ocr_line' id='line_1_37' title="bbox 360 4014 1297 4070; baseline 0.001 -11"><span class='ocrx_word' id='word_1_251' title='bbox 360 4027 376 4059; x_wconf 91' lang='lat' dir='ltr'>r.</span> <span class='ocrx_word' id='word_1_252' title='bbox 392 4014 468 4060; x_wconf 80' lang='lat' dir='ltr'>ABC:</span> <span class='ocrx_word' id='word_1_253' title='bbox 487 4014 541 4059; x_wconf 90' lang='lat' dir='ltr'>Hoc</span> <span class='ocrx_word' id='word_1_254' title='bbox 555 4015 655 4059; x_wconf 81' lang='lat' dir='ltr'>videtur.</span> <span class='ocrx_word' id='word_1_255' title='bbox 722 4027 742 4059; x_wconf 79' lang='lat' dir='ltr'>s.</span> <span class='ocrx_word' id='word_1_256' title='bbox 757 4015 826 4069; x_wconf 84' lang='lat' dir='ltr'>vr&#39;rro‚·</span> <span class='ocrx_word' id='word_1_257' title='bbox 843 4014 918 4060; x_wconf 79' lang='lat' dir='ltr'>Aue:</span> <span class='ocrx_word' id='word_1_258' title='bbox 932 4027 1012 4070; x_wconf 78' lang='lat' dir='ltr'>ymmo</span> <span class='ocrx_word' id='word_1_259' title='bbox 1018 4031 1028 4067; x_wconf 90' lang='lat'>,·</span> <span class='ocrx_word' id='word_1_260' title='bbox 1045 4015 1078 4060; x_wconf 87' lang='lat' dir='ltr'>C:</span> <span class='ocrx_word' id='word_1_261' title='bbox 1096 4015 1209 4060; x_wconf 80' lang='lat' dir='ltr'>correxit:</span> <span class='ocrx_word' id='word_1_262' title='bbox 1228 4016 1297 4068; x_wconf 61' lang='lat' dir='ltr'>viam·</span> 
     </span>
     <span class='ocr_line' id='line_1_38' title="bbox 306 4083 1295 4143; baseline 0 -14"><span class='ocrx_word' id='word_1_263' title='bbox 306 4085 337 4129; x_wconf 85' lang='lat' dir='ltr'>E:</span> <span class='ocrx_word' id='word_1_264' title='bbox 356 4086 410 4129; x_wconf 79' lang='lat' dir='ltr'>rino</span> <span class='ocrx_word' id='word_1_265' title='bbox 425 4085 497 4129; x_wconf 83' lang='lat' dir='ltr'>deest.</span> <span class='ocrx_word' id='word_1_266' title='bbox 551 4084 570 4130; x_wconf 75' lang='lat'>5.</span> <span class='ocrx_word' id='word_1_267' title='bbox 586 4085 619 4130; x_wconf 84' lang='lat' dir='ltr'>D:</span> <span class='ocrx_word' id='word_1_268' title='bbox 631 4083 702 4141; x_wconf 78' lang='lat' dir='ltr'>fingi</span> <span class='ocrx_word' id='word_1_269' title='bbox 714 4085 785 4130; x_wconf 86' lang='lat' dir='ltr'>deest.</span> <span class='ocrx_word' id='word_1_270' title='bbox 844 4086 865 4130; x_wconf 88' lang='lat' dir='ltr'>ti.</span> <span class='ocrx_word' id='word_1_271' title='bbox 880 4085 913 4130; x_wconf 86' lang='lat' dir='ltr'>D:</span> <span class='ocrx_word' id='word_1_272' title='bbox 932 4090 1069 4141; x_wconf 84' lang='lat' dir='ltr'>corporato.</span> <span class='ocrx_word' id='word_1_273' title='bbox 1126 4085 1148 4131; x_wconf 86' lang='lat'>8.</span> <span class='ocrx_word' id='word_1_274' title='bbox 1163 4085 1195 4130; x_wconf 88' lang='lat' dir='ltr'>C:</span> <span class='ocrx_word' id='word_1_275' title='bbox 1213 4087 1295 4143; x_wconf 83' lang='lat' dir='ltr'>quein</span> 
     </span>
     <span class='ocr_line' id='line_1_39' title="bbox 307 4155 1296 4212; baseline 0.001 -13"><span class='ocrx_word' id='word_1_276' title='bbox 307 4166 380 4209; x_wconf 76' lang='lat' dir='ltr'>marg.</span> <span class='ocrx_word' id='word_1_277' title='bbox 396 4155 441 4198; x_wconf 88' lang='lat' dir='ltr'>alia</span> <span class='ocrx_word' id='word_1_278' title='bbox 456 4167 535 4199; x_wconf 88' lang='lat' dir='ltr'>manu.</span> <span class='ocrx_word' id='word_1_279' title='bbox 590 4167 613 4212; x_wconf 90' lang='lat'>9.</span> <span class='ocrx_word' id='word_1_280' title='bbox 625 4155 658 4199; x_wconf 80' lang='lat' dir='ltr'>ll:</span> <span class='ocrx_word' id='word_1_281' title='bbox 673 4160 801 4210; x_wconf 75' lang='lat' dir='ltr'>corporata</span> <span class='ocrx_word' id='word_1_282' title='bbox 848 4167 871 4210; x_wconf 83' lang='lat'>9,</span> <span class='ocrx_word' id='word_1_283' title='bbox 882 4166 914 4199; x_wconf 89' lang='lat' dir='ltr'>to.</span> <span class='ocrx_word' id='word_1_284' title='bbox 925 4155 954 4199; x_wconf 77' lang='lat' dir='ltr'>ll:</span> <span class='ocrx_word' id='word_1_285' title='bbox 968 4155 1060 4199; x_wconf 72' lang='lat' dir='ltr'>scurilia</span> <span class='ocrx_word' id='word_1_286' title='bbox 1074 4167 1180 4212; x_wconf 82' lang='lat' dir='ltr'>quoqao;</span> <span class='ocrx_word' id='word_1_287' title='bbox 1193 4155 1226 4199; x_wconf 84' lang='lat' dir='ltr'>D:</span> <span class='ocrx_word' id='word_1_288' title='bbox 1240 4168 1296 4200; x_wconf 76' lang='lat' dir='ltr'>acro</span> 
     </span>
     <span class='ocr_line' id='line_1_40' title="bbox 306 4224 1296 4283; baseline 0 -15"><span class='ocrx_word' id='word_1_289' title='bbox 306 4226 400 4282; x_wconf 83' lang='lat' dir='ltr'>inquo.</span> <span class='ocrx_word' id='word_1_290' title='bbox 456 4236 483 4269; x_wconf 91' lang='lat' dir='ltr'>rt.</span> <span class='ocrx_word' id='word_1_291' title='bbox 498 4224 614 4269; x_wconf 71' lang='lat' dir='ltr'>litarat.</span> <span class='ocrx_word' id='word_1_292' title='bbox 666 4224 902 4283; x_wconf 82' lang='lat' dir='ltr'>19.E:aggregato.</span> <span class='ocrx_word' id='word_1_293' title='bbox 951 4236 986 4269; x_wconf 82' lang='lat' dir='ltr'>ao.</span> <span class='ocrx_word' id='word_1_294' title='bbox 1004 4225 1126 4269; x_wconf 77' lang='lat' dir='ltr'>llzrerros.</span> <span class='ocrx_word' id='word_1_295' title='bbox 1175 4225 1256 4270; x_wconf 73' lang='lat' dir='ltr'>aab:</span> <span class='ocrx_word' id='word_1_296' title='bbox 1271 4230 1296 4269; x_wconf 83' lang='lat' dir='ltr'>ar</span> 
     </span>
     <span class='ocr_line' id='line_1_41' title="bbox 307 4294 1296 4351; baseline -0.001 -12"><span class='ocrx_word' id='word_1_297' title='bbox 307 4296 458 4351; x_wconf 79' lang='lat' dir='ltr'>r&#39;grrorotrler.</span> <span class='ocrx_word' id='word_1_298' title='bbox 500 4305 535 4347; x_wconf 81' lang='lat'>²4.</span> <span class='ocrx_word' id='word_1_299' title='bbox 547 4295 580 4340; x_wconf 76' lang='lat' dir='ltr'>ll:</span> <span class='ocrx_word' id='word_1_300' title='bbox 590 4296 707 4351; x_wconf 78' lang='lat' dir='ltr'>quomodo</span> <span class='ocrx_word' id='word_1_301' title='bbox 717 4295 789 4340; x_wconf 88' lang='lat' dir='ltr'>deest.</span> <span class='ocrx_word' id='word_1_302' title='bbox 828 4295 860 4341; x_wconf 76' lang='lat' dir='ltr'>ss.</span> <span class='ocrx_word' id='word_1_303' title='bbox 871 4296 905 4340; x_wconf 77' lang='lat' dir='ltr'>A:</span> <span class='ocrx_word' id='word_1_304' title='bbox 914 4301 950 4339; x_wconf 82' lang='lat' dir='ltr'>est</span> <span class='ocrx_word' id='word_1_305' title='bbox 958 4295 1002 4339; x_wconf 89' lang='lat' dir='ltr'>ulia</span> <span class='ocrx_word' id='word_1_306' title='bbox 1013 4307 1096 4348; x_wconf 85' lang='lat' dir='ltr'>manu;</span> <span class='ocrx_word' id='word_1_307' title='bbox 1110 4295 1142 4338; x_wconf 85' lang='lat' dir='ltr'>ib.</span> <span class='ocrx_word' id='word_1_308' title='bbox 1151 4294 1180 4339; x_wconf 88' lang='lat' dir='ltr'>B:</span> <span class='ocrx_word' id='word_1_309' title='bbox 1190 4295 1296 4339; x_wconf 67' lang='lat' dir='ltr'>dericaa</span> 
     </span>
     <span class='ocr_line' id='line_1_42' title="bbox 306 4365 514 4421; baseline -0.005 -11"><span class='ocrx_word' id='word_1_310' title='bbox 306 4366 341 4410; x_wconf 80' lang='lat'>28.</span> <span class='ocrx_word' id='word_1_311' title='bbox 356 4365 387 4410; x_wconf 85' lang='lat' dir='ltr'>E:</span> <span class='ocrx_word' id='word_1_312' title='bbox 402 4366 514 4421; x_wconf 81' lang='lat' dir='ltr'>predicti.</span> 
     </span>
    </p>
   </div>
   <div class='ocr_carea' id='block_1_5' title="bbox 0 0 1528 4920">
    <p class='ocr_par' dir='ltr' id='par_1_5' title="bbox 0 0 1528 4920">
     <span class='ocr_line' id='line_1_43' title="bbox 0 0 1528 4920; baseline 0 3"><span class='ocrx_word' id='word_1_313' title='bbox 0 0 1528 4920; x_wconf 95' lang='lat' dir='ltr'> </span> 
     </span>
    </p>
   </div>
  </div>
 </body>
</html>
