3046 4920
133 111 202 157 cae.
215 97 271 184 aa]
473 116 520 168 na
539 114 783 168 eucharistia.
1278 104 1340 161 2⁸5

178 272 219 335 Et
231 287 389 356 quantum
407 273 448 334 ad
463 270 597 334 tercium
607 271 802 354 credoquod
819 285 894 334 ante
906 270 1122 333 Lanlrancum
1136 248 1209 381 aira?
1218 284 1337 382 52¹¹th

134 391 165 439 et
182 376 402 438 Wimundum
428 394 492 438 non
517 387 608 438 erant
629 375 735 458 aliqua
759 377 880 438 decreta
904 374 1033 438 ecclesie
1048 394 1122 438 con·
1161 390 1316 485 salapinae.-

134 479 227 543 traria
250 480 323 542 huic
346 480 517 543 sentencie.
541 479 634 543 Unde
657 493 769 564 quarta
792 481 933 563 synodus
951 480 1122 564 Ephesina,
1291 476 1295 483 “

133 604 197 667 que
211 583 322 646 statim
339 597 413 665 post
429 598 569 648 mortem
586 584 668 649 beati
680 583 852 666 Augustini
870 599 1013 667 tempore
1031 582 1122 648 Cele-

110 687 208 752 5stini
240 709 322 771 pape
355 689 511 753 celebrata
544 703 604 771 est,
634 690 789 773 dampnat
821 709 916 752 unam
950 688 1124 753 stulticiam

135 792 308 856 hereticam
331 814 395 877 que
418 794 497 857 dicit
519 795 609 879 quod
632 814 698 859 non
723 815 796 857 vera
812 793 932 858 Christi
957 814 1030 858 caro
1047 793 1125 856 vivi·

134 895 226 961 licata
248 900 304 961 sed
328 900 469 983 quelibet
493 920 567 963 caro
592 899 688 962 unius
712 900 785 964 iusti
809 899 925 964 virtute
953 901 1124 964 verborum

134 1003 322 1067 sacramenti
346 1005 389 1068 sit
412 1004 456 1066 ibi
487 1004 538 1066 vel
565 1003 721 1067 terminus
743 1006 973 1087 conversionis,
1009 1021 1039 1070 et
1074 1007 1123 1068 vel

134 1107 195 1171 hoc
210 1109 260 1171 vel
275 1108 363 1172 aliud
379 1108 422 1171 ibi
440 1108 562 1172 dictum
579 1109 619 1172 ad
638 1108 1123 1194 inserendumproposicionem.

94 1213 200 1276 roNec
223 1215 315 1276 obest
339 1213 427 1296 quod
453 1212 630 1296 Gregorius
654 1214 686 1277 in
710 1215 843 1298 epistola
867 1217 907 1278 ad
929 1215 1123 1299 patriarchas

133 1332 277 1401 acceptat
308 1317 366 1380 hec
394 1331 535 1401 quatuor
567 1317 700 1383 consilia
724 1335 759 1382 ut
782 1335 922 1403 quatuor
951 1320 1124 1404 evangelia,

134 1421 358 1506 quianullum
383 1442 500 1486 eorum
528 1423 717 1487 contradicit
745 1424 795 1487 isti
823 1425 995 1489 sentencie.
1030 1425 1124 1490 Unde

134 1527 272 1590 creditur
299 1527 466 1610 religiosos
494 1527 552 1611 qui
581 1527 676 1591 nimis
710 1528 915 1613 magnificant
943 1549 1001 1593 sua
1034 1529 1124 1612 signa

133 1631 348 1696 introduxisse
383 1619 474 1696 illum
508 1653 647 1698 errorem
680 1636 712 1697 in
746 1634 911 1698 ecclesiam
943 1635 975 1697 in
1007 1656 1123 1718 penam

93 1736 254 1819 rspeccati
283 1737 412 1820 prioris.
446 1737 480 1801 ln
512 1739 604 1802 cuius
632 1738 760 1823 signum
784 1740 982 1824 Augustinus
1012 1753 1043 1803 et
1070 1739 1122 1802 alii

134 1842 294 1926 patrosin
319 1842 436 1925 quibus
460 1842 563 1926 viguit
586 1843 745 1928 sapiencia
769 1847 817 1908 vel
841 1858 1046 1909 asseruerunt
1068 1865 1121 1906 ex·

134 1931 242 2030 presse
265 1948 456 2031 oppositum
480 1961 511 2011 ct
536 1964 654 2032 negant
675 1949 737 2013 hoc
761 1965 914 2034 tanquam
944 1949 1121 2014 hereticum

133 2051 207 2135 quia
224 2053 423 2136 inpossibile,
435 2055 483 2116 vel
496 2068 664 2118 tacuerunt
680 2055 758 2117 illud
776 2069 927 2140 tanquam
941 2055 1121 2119 inauditam

132 2156 304 2220 stulticiam
321 2159 470 2242 inquam
494 2160 665 2223 credebant
691 2160 795 2224 nullos
818 2181 892 2224 sane
915 2161 1032 2225 mentis
1048 2181 1121 2243 pro-

90 2280 289 2345 aommpere.

175 2368 268 2432 Unde
284 2369 415 2451 quando
432 2368 577 2452 arguitur
593 2386 704 2433 contra
722 2371 937 2435 Lanlrancum
953 2386 984 2434 et
999 2384 1118 2434 sectam
1167 2373 1305 2418 husten&

132 2490 225 2534 suam
247 2471 280 2535 in
305 2473 377 2555 isto,
402 2495 477 2557 sepe
501 2489 719 2559 prorumpunt
741 2477 774 2540 in
798 2475 1020 2539 excusaciones
1044 2476 1119 2538 istas
1148 2425 1324 2523 anatholii

131 2577 334 2660 inpossibiles
351 2580 383 2642 in
400 2581 548 2663 peccatis.
565 2581 638 2643 Hoc
655 2579 834 2666 (inquiunt)
850 2582 1019 2644 salubriter
1033 2581 1119 2644 credi
1136 2532 1286 2664 be'¹{l¹h¹¹⁸i¹r¹ed·
1299 2539 1338 2575 θοι

133 2696 246 2765 potest,
272 2684 451 2767 investigari
476 2705 541 2748 non
565 2700 680 2769 potest,
704 2706 778 2749 nam
801 2684 852 2772 (ut
868 2706 942 2770 sepe
958 2685 1037 2771 dixi)
1055 2706 1118 2749 una

89 2790 204 2870 25pars
228 2788 323 2850 nimis
352 2787 492 2853 heretice
520 2790 711 2854 contradicit
737 2789 838 2872 alteri,
871 2791 945 2874 quia
973 2792 1119 2853 absolute

132 2892 308 2955 necessario
331 2913 429 2956 omne
446 2894 596 2957 credibile
614 2910 645 2958 et
661 2896 839 2977 specialiter
863 2893 941 2957 fides
959 2895 1118 2959 katholica

131 3011 237 3081 potest
260 2997 443 3081 investigari
468 3000 651 3080 salubriter,
679 3020 753 3062 cum
784 3001 895 3062 beatus
918 3001 1119 3084 Augustinus

132 3102 189 3164 sub
213 3104 349 3165 obtentu
373 3123 429 3165 sue
454 3104 660 3166 beatitudinis
676 3104 877 3186 investigavit
892 3104 1026 3168 sollicite
1051 3125 1120 3167 ma·

131 3206 242 3268 teriam
267 3208 306 3269 de
329 3207 487 3270 Trinitatc
511 3229 574 3292 que
598 3223 644 3272 est
667 3208 826 3273 infinitum
852 3209 999 3292 superior
1014 3230 1117 3272 sacra·

183 3443 202 3476 2.
217 3432 249 3476 D:
270 3432 443 3488 l'eymundaus;
461 3433 491 3477 E:
511 3433 679 3489 Raymundam.
742 3434 763 3477 8.
778 3433 810 3476 D:
830 3433 867 3477 ael
879 3433 958 3476 nichil.
1023 3445 1049 3476 tt.
1064 3433 1120 3485 liec;

129 3502 202 3546 ABE:
222 3504 299 3559 quod:
316 3503 348 3547 C:
368 3504 410 3547 hec
424 3503 447 3547 in
464 3516 553 3547 rasum.
622 3514 658 3556 24,
673 3503 706 3548 25.
722 3504 769 3548 BE:
789 3516 908 3559 unapars
921 3504 997 3556 dcest;
1017 3503 1074 3548 AC:
1095 3504 1117 3546 in

131 3584 204 3628 marg.
220 3574 263 3616 alia
279 3585 358 3616 manu.
413 3574 445 3618 25.
461 3574 543 3624 nimiu
562 3573 593 3617 E:
613 3574 678 3616 iuris.
733 3573 767 3617 28.
783 3573 812 3616 B:
830 3574 939 3618 sollicita.

184 3732 207 3767 2.
227 3717 265 3767 Dc
280 3717 444 3767 Guitmundo
464 3716 496 3766 cs.
511 3717 622 3766 Fabricii
636 3717 703 3767 Bibl.
721 3717 764 3767 lat.
783 3717 853 3768 med.
872 3727 896 3767 et
916 3714 1022 3767 intimae
1042 3728 1118 3767 aetat.

122 3804 171 3866 .lll,
195 3803 251 3854 162.
354 3807 376 3857 3.
402 3805 441 3858 Cf.
467 3806 568 3855 Decreti
588 3805 677 3855 Tertia
701 3805 771 3868 Pars,
795 3806 854 3855 dist.
879 3805 907 3855 ll.
931 3805 970 3855 De
994 3806 1117 3855 Consecr.

129 3908 186 3958 cap.
207 3893 296 3942 LXXX
317 3893 472 3943 Necessario
492 3893 582 3957 igitru:
603 3893 643 3942 Cl.
657 3894 782 3942 Harduini
803 3893 902 3942 Concil.
922 3894 990 3942 Coll.
1010 3894 1027 3953 l,
1045 3908 1118 3959 titis..

133 3995 171 4029 to.
190 3980 291 4029 Decreti
313 3981 398 4030 Prima
419 3981 490 4043 Pars,
510 3982 569 4030 dist.
588 3982 642 4041 XV,
662 3996 718 4045 cap.
738 3981 770 4029 ll:
790 3982 861 4029 Sicut
880 3982 960 4029 sancti
981 3981 1116 4043 Evangelii

130 4080 242 4132 quatuor
256 4069 343 4122 libros,
357 4071 394 4117 sic
409 4081 521 4133 atuatunr
534 4070 644 4118 concilia
659 4070 790 4131 suscipere
804 4079 827 4116 ct
841 4070 956 4116 venerari
972 4084 1013 4116 me
1028 4068 1117 4115 fatcor.
