3046 4920
127 423 196 472 car.
210 409 263 499 ut]
475 426 521 478 na
541 422 787 477 Eucflattlsttlt.

129 587 316 650 communia
335 589 418 648 bona
435 581 662 666 preponderat,
678 580 762 642 sicut
778 579 905 642 ordinat
921 578 952 640 in
970 576 1125 661 prosperi·

129 705 194 754 tate
218 688 402 753 communis
426 685 540 771 populi
565 699 648 750 stare
664 683 883 748 valetudinem
899 683 987 765 regni
1012 680 1124 745 nostri.

131 795 312 871 Quomodo
346 813 424 874 ergo
460 791 721 874 permitteremus
754 789 856 852 avaris
894 788 1124 873 spoliacionem
1158 804 1322 863 wnynoura

131 898 283 982 pauperis
319 896 433 981 populi
466 898 506 960 de
539 898 726 962 elemosinis
757 895 874 980 quibus
910 893 1058 972 vivimus,
1095 906 1125 954 et
1136 866 1336 955 “til“illl‘rll'

106 1003 278 1071 §habendo
314 1005 400 1065 bona
432 1001 501 1065 eius
533 1002 704 1068 incastrata
736 1021 802 1064 non
841 1000 928 1083 ipsos
966 995 1126 1081 superflue
1150 960 1328 1096 'hirpiiiiigd

131 1109 239 1191 quoad
256 1109 363 1171 Deum
386 1125 417 1173 et
441 1108 591 1173 homines
615 1107 809 1172 foveremus.
834 1104 1028 1186 colligendo
1049 1120 1126 1184 ergo
1184 1069 1297 1123 ‘mum'

131 1212 251 1275 radices
280 1232 426 1278 errorum
465 1214 498 1276 in
531 1214 629 1295 clero,
661 1225 751 1297 patet
780 1212 870 1294 quod
899 1209 958 1273 tria
986 1223 1062 1271 sunt
1095 1208 1126 1269 in

132 1317 249 1401 quibus
273 1318 503 1402 sophisticatur
526 1318 670 1394 ecclesia,
694 1305 816 1380 scilicet
834 1314 908 1379 cleri
933 1311 1127 1389 dominacio,

131 1423 345 1487 traditionum
379 1443 512 1487 suarum
546 1419 770 1507 magnificacio
801 1435 833 1484 et
864 1419 1038 1483 sanctitatis
1070 1437 1127 1480 sue

92 1527 317 1607 rosimulaci03
351 1543 383 1592 et
414 1548 451 1590 ex
483 1528 546 1591 illis
570 1528 753 1612 procedunt
778 1522 903 1590 infinita
929 1522 1126 1606 sophismata
1146 1541 1224 1586 three
1237 1552 1333 1620 nureo

131 1633 213 1715 regis
226 1631 387 1717 superbie,
398 1647 435 1697 ut
451 1631 800 1697 excommunicacionis
810 1627 1010 1709 terrificacio‚
1021 1628 1121 1691 obser·
1152 1675 1169 1709 ,ι
1184 1594 1301 1709 0τὶὴῖᾝρ
1312 1666 1336 1708 ο,

132 1736 273 1800 vacionis
297 1737 376 1820 legis
400 1758 457 1801 sue
474 1737 729 1822 preponderacio
746 1749 777 1800 et
793 1735 958 1820 signorum
977 1735 1008 1796 in
1025 1753 1127 1797 sacra·
1173 1717 1212 1761 ‘¹¹‘
1225 1717 1311 1775 ‘W‘

1190 1797 1210 1831 a.
1225 1785 1299 1831 Their

132 1842 249 1904 mentis
273 1862 310 1905 ac
334 1844 622 1906 sacramentalibus
647 1841 745 1906 nimia
761 1842 911 1906 attentio.
936 1839 1128 1904 Remedium
1152 1839 1335 1936 mffiffiffm

133 1960 244 2010 contra
273 1947 416 2030 primum
446 1962 493 2011 est
520 1947 600 2010 fides
633 1949 675 2011 de
704 1946 823 2012 Christi
851 1945 1002 2029 pauperie
1031 1964 1128 2028 quam
1184 1960 1294 2007 athen

94 2063 221 2117 ritotus
245 2051 350 2114 clerus
373 2052 469 2115 debet
492 2053 587 2136 sequi
604 2051 817 2137 propinquius
841 2065 872 2113 et
896 2061 1128 2134 consequenter
1171 2017 1317 2112 Ριίῗιῗιῖἷῖἶί

134 2157 281 2239 exemplo
313 2177 375 2219 suo
403 2158 444 2218 ad
473 2158 536 2220 hoc
570 2156 696 2221 trahere
719 2156 902 2242 populares.
937 2154 1127 2219 Remedium
1178 2171 1307 2217 nenena.

133 2274 244 2324 contra
268 2264 448 2325 secundum
474 2264 635 2345 estquod
658 2264 744 2347 leges
772 2262 912 2326 homene
937 2261 1057 2344 precise
1089 2259 1128 2320 de

135 2381 224 2429 tanto
257 2381 332 2430 sunt
360 2368 476 2446 valide,
515 2369 555 2430 de
589 2382 713 2451 quanto
742 2368 774 2431 in
802 2369 871 2450 lege
895 2365 1026 2430 Domini
1054 2379 1129 2427 sunt

135 2471 279 2536 fundate.
304 2474 500 2548 Remedium
533 2487 644 2537 contra
674 2473 809 2537 tercium
838 2487 884 2536 est
913 2459 1039 2535 ciedere
1067 2468 1129 2531 vite

93 2605 125 2641 20
135 2590 166 2639 et
188 2578 342 2660 operibus
367 2578 590 2642 conformibus
614 2579 678 2661 legi
702 2579 777 2660 Dei;
810 2598 884 2641 nam
912 2597 960 2640 res
990 2575 1040 2639 cui
1064 2593 1129 2636 cre·

135 2681 241 2745 dimus
278 2698 326 2746 est
366 2683 577 2765 insensibilis;
616 2684 667 2747 cui
711 2704 774 2748 non
820 2682 959 2767 pertinet
999 2699 1128 2743 sensum

135 2787 284 2851 sensibile
318 2789 378 2851 nisi
416 2790 454 2851 de
487 2803 612 2871 quanto
650 2787 747 2852 fidem
780 2788 895 2852 excitat
931 2787 970 2848 ad
1008 2785 1129 2849 credito

136 2894 314 2956 secundum
343 2893 479 2957 caritatis
513 2894 639 2976 regulas
673 2893 904 2957 adherendum.
938 2893 979 2956 Et
1006 2891 1038 2953 in
1069 2891 1130 2953 isto

136 2998 235 3060 tercio
252 3013 300 3061 est
317 2999 418 3081 magis
435 3001 578 3062 velatum
596 3000 788 3082 periculum,
812 3013 848 3062 ut
870 3013 957 3081 patet
972 2999 1011 3060 de
1027 3017 1129 3060 sacra·

94 3113 322 3166 simentorum
355 3103 626 3186 sophisticacione
662 3125 757 3188 supra
787 3102 883 3167 fidem
911 3104 1066 3187 scripture
1099 3117 1130 3165 et

137 3207 318 3289 specialiter
348 3210 379 3271 in
405 3210 466 3272 illis
491 3230 555 3293 que
584 3212 712 3273 lucrum
741 3211 880 3292 sapiunt,
914 3224 947 3273 ut
976 3223 1062 3291 patet
1091 3209 1130 3269 de

137 3313 318 3389 eukaristia,
344 3314 524 3398 penitencia
550 3329 581 3377 et
606 3316 782 3397 sepultura.
816 3314 890 3376 ldeo
913 3313 1008 3375 debet
1030 3310 1131 3374 fidelis

138 3419 309 3500 theologus
345 3433 458 3482 contra
491 3420 719 3483 simulationes
753 3421 829 3482 istas
863 3431 1046 3482 constanter
1082 3416 1128 3478 in·

138 3522 263 3587 vehere.
298 3524 384 3587 Finis
408 3525 516 3607 itaque
541 3525 648 3606 gracia
671 3524 762 3588 cuius
785 3524 842 3586 hec
870 3524 1001 3585 dixerim
1026 3536 1131 3584 estut

95 3629 281 3692 3otollendo
314 3650 456 3692 errorem
486 3630 518 3692 in
548 3631 649 3713 signis
678 3628 781 3692 fidelis
814 3643 1009 3692 memoretur
1035 3629 1130 3690 meri·

138 3734 238 3797 torius
270 3736 481 3817 signatorum.
521 3738 587 3798 Nec
623 3736 719 3798 credo
759 3755 827 3797 esse
861 3734 991 3816 aliquod
1030 3752 1131 3814 genus

140 3839 320 3922 hominum,
355 3844 443 3923 quod
478 3857 678 3903 memoratur
713 3840 877 3904 Christum
919 3838 1027 3900 falsius
1067 3854 1129 3899 tam

139 3946 333 4024 speculative
366 3967 463 4028 quam
500 3947 635 4027 practice
668 3946 831 4029 sequendo
860 3944 1004 4006 Scarioth
1034 3962 1130 4024 quam

140 4046 212 4110 lacit
240 4052 457 4112 communitas
482 4054 697 4128 sacerdotum,
731 4052 806 4131 quia
836 4049 867 4108 in
897 4062 1055 4129 quantum
1086 4048 1129 4108 sic

191 4252 209 4297 3.
226 4253 279 4297 DE:
300 4267 379 4298 more.
440 4257 459 4300 5.
475 4256 506 4298 D:
527 4254 667 4308 superfluos.
724 4266 754 4297 ro.
770 4252 843 4297 ABC:
864 4253 1000 4295 sublimatio
1015 4255 1051 4303 (an
1067 4264 1132 4295 error

140 4323 268 4380 legentisi).
333 4324 407 4369 rhu:
428 4325 539 4368 attendio.
602 4336 630 4377 17.
647 4323 743 4367 nucu:
759 4325 878 4379 precipue,
941 4322 1016 4366 18⁴3:
1038 4323 1133 4364 Domini

139 4394 210 4437 deest.
265 4396 349 4438 rou:
370 4396 471 4452 legendi.
527 4392 604 4437 31.E:
625 4393 794 4437 essedeest.=

975 4468 1028 4504 01*
