3046 4920
207 476 277 523 ern
290 461 332 552 u]
550 484 594 533 sn:
615 483 861 535 szsscsssmsus.

208 638 360 702 minicsm
384 656 584 721 unoquoque
609 651 758 719 portante
775 658 883 701 secum
901 639 1067 721 proprium
1084 661 1199 721 panem

207 757 238 804 et
262 743 386 822 vinum,
410 742 454 805 sic
477 743 567 823 quod
592 760 679 804 ussus
695 740 757 804 fuit
772 742 886 804 ebrius
907 756 938 805 ct
954 742 1040 806 atius
1056 745 1202 807 esuriens

206 863 281 931 post
302 849 385 911 hanc
402 866 525 928 cenum,
546 845 691 928 increpat
714 867 770 910 eos
793 847 908 910 leniter
930 845 962 908 in
988 847 1048 909 hoc
1064 847 1149 911 lacto
1172 865 1203 912 et

207 953 297 1016 addit
329 949 579 1015 instructionem
613 951 723 1033 quoad
757 950 818 1014 hoc
852 967 1097 1030 sacramentum,
1139 972 1202 1034 que

180 1068 286 1119 stunc
308 1053 434 1118 suffecit
457 1054 604 1135 ecclesie3
627 1054 775 1119 videlicet
791 1056 879 1138 quod
902 1057 1095 1120 conveniant
1111 1077 1199 1118 man-

204 1161 361 1223 ducantes
388 1158 421 1221 in
450 1159 583 1222 ecclesia
611 1159 759 1222 ordinate
783 1161 833 1223 uel
856 1159 949 1223 aliter
971 1160 1060 1223 domi
1084 1160 1200 1223 infirmi

204 1264 404 1327 manducent
436 1283 496 1326 nec
528 1263 579 1326 alii
614 1264 728 1327 darent
758 1265 949 1327 scandalum
987 1264 1134 1329 iratribus
1169 1265 1200 1327 in

203 1366 354 1451 copiosis,
379 1368 412 1430 in
428 1367 631 1450 sumptuosis
647 1382 679 1431 et
695 1368 727 1430 in
744 1369 902 1433 deliciosis
918 1369 1200 1453 preparacionibus

204 1472 297 1555 panis
325 1486 356 1535 et
384 1471 462 1534 vini.
513 1472 607 1536 Unde
639 1492 699 1555 pro
727 1474 822 1555 pleno
850 1473 1062 1537 instructione
1091 1477 1198 1557 quoad

162 1577 266 1639 sohoc
298 1590 536 1638 sacramentum
565 1576 610 1638 sic
633 1575 794 1660 loquitur:
826 1577 902 1662 Ego
929 1579 1013 1641 enim
1042 1580 1152 1660 occepi
1179 1599 1198 1639 n

203 1681 347 1743 Domino
362 1680 450 1764 quod
464 1691 495 1744 et
510 1681 636 1744 tradidi
650 1682 756 1760 nobis;
769 1683 923 1766 quonium
940 1681 1090 1745 dontinus
1103 1684 1199 1745 Jcsns

202 1787 236 1847 in
267 1805 333 1867 qua
368 1795 459 1849 nocte
493 1786 684 1848 tradebatur
715 1789 837 1870 occepit
860 1807 979 1870 panem
1009 1796 1039 1849 et
1066 1788 1198 1870 gracias

202 1910 307 1975 agens
319 1891 432 1976 fregit
455 1901 486 1954 et
505 1891 604 1954 dixit:
628 1893 770 1974 Accipite
792 1903 822 1955 et
845 1893 1050 1968 snaisducate,
1072 1893 1131 1954 linc
1152 1903 1199 1955 cst

202 2015 323 2077 corpus
348 2016 456 2059 nsessm
481 1996 568 2080 quod
585 2017 651 2080 pro
674 1997 764 2059 vobis
784 1998 942 2076 tradetur,
965 1999 1025 2060 isos·
1035 1998 1142 2081 facite
1165 1999 1197 2059 in

161 2115 189 2165 15
203 2121 308 2164 meam
348 2104 704 2165 commemoracionem.
751 2102 1048 2184 Quocienscmsque,
1086 2103 1197 2185 inquit,

203 2206 441 2270 manducabitis
453 2226 576 2288 panem
601 2208 688 2268 isunc
710 2216 740 2269 et
763 2207 896 2269 colicmn
922 2207 1041 2283 bibetis,
1065 2218 1195 2269 mortem

204 2312 339 2373 Domini
361 2312 603 2373 annunciabitis
628 2311 730 2373 donec
758 2313 881 2391 venian·
915 2311 968 2373 ubi
998 2325 1083 2393 patct
1110 2314 1197 2394 quod

200 2416 348 2497 loquitur
370 2415 628 2498 quadrupliciter
651 2417 691 2477 de
719 2437 801 2498 pane
829 2431 860 2478 ct
884 2416 961 2477 vino
990 2416 1142 2480 materiali
1167 2432 1198 2479 et

200 2541 259 2602 per
273 2540 476 2603 consequens
490 2521 567 2583 dicit
582 2520 645 2583 hoc
660 2541 728 2582 csse
744 2541 861 2603 corpus
879 2521 946 2583 cius
964 2534 993 2583 ct
1009 2522 1196 2604 sanguinem

154 2626 234 2688 coin
260 2623 374 2708 figura,
399 2625 481 2689 sicut
498 2626 575 2690 dicit
600 2627 687 2689 huuc
711 2626 842 2688 calicem
867 2647 934 2689 esse
958 2647 1077 2690 novun}
1103 2642 1196 2690 testu·

201 2746 349 2793 mentum
387 2745 419 2793 ct
452 2730 515 2793 hoc
557 2729 624 2793 fieri
662 2732 694 2793 in
734 2731 802 2793 cius
841 2733 1197 2797 commemoracioncm.

200 2837 301 2912 Quod
325 2851 435 2899 autem
463 2836 514 2897 alii
540 2837 692 2899 dicuntur
716 2836 747 2898 in
773 2836 880 2899 medio
904 2837 1028 2919 prandii
1056 2837 1195 2920 accipere

201 2941 301 3003 instar
333 2940 453 3004 Christi
488 2942 630 3005 hostiam
662 2963 679 3003 u
712 2943 931 3006 sacerdotibus
968 2959 1196 3022 consecratam,

200 3046 328 3109 videtur
344 3067 413 3109 esse
429 3048 630 3129 sompnium,
646 3049 700 3110 scd
717 3063 916 3111 sacramenta
937 3048 1062 3110 stritus
1082 3050 1195 3112 ndiecti

152 3163 187 3213 25
201 3151 351 3213 videntur
374 3151 473 3214 michi
498 3171 567 3215 esse
591 3152 809 3228 rationabiles,
835 3153 880 3215 sic
898 3167 1004 3215 tumen
1021 3157 1108 3236 quod
1131 3175 1195 3216 non

199 3256 264 3318 sint
288 3255 428 3319 nimium
453 3257 632 3339 ponderati.
657 3257 765 3340 Aliqui
791 3258 878 3319 eninr
901 3260 996 3320 stulte
1020 3261 1090 3340 plus
1115 3282 1194 3341 pon·

199 3362 311 3423 derant
336 3362 415 3424 ritus
439 3362 581 3425 adiectos
598 3383 696 3444 quam
719 3363 915 3426 sentenciam
934 3365 1094 3446 Apostoli,
1116 3367 1194 3428 dum

199 3466 244 3529 sic
260 3466 352 3528 dicit:
377 3467 492 3548 Itaque
507 3468 694 3550 quicunqne
711 3468 957 3531 rinnstrscaiertr
968 3489 1088 3549 pensem
1110 3471 1195 3534 lsunc

198 3570 249 3633 vei
273 3572 387 3633 biberit
401 3572 535 3634 calicem
551 3572 685 3635 Domini
707 3574 850 3656 indigne,
874 3593 951 3636 reus
974 3577 1033 3636 erit
1049 3579 1195 3658 corporis

252 3859 271 3892 2,
286 3849 340 3893 All:
354 3849 433 3892 corius
447 3850 510 3892 atter
523 3849 643 3900 esuriens,-
661 3849 692 3893 (ἐι
714 3855 737 3893 ct
751 3851 820 3894 ariter.
876 3853 897 3894 n'.
915 3851 963 3895 lllc':
983 3858 1006 3896 n
1019 3853 1093 3896 deest:
1115 3853 1145 3893 ib.
1163 3853 1193 3895 lt:

196 3921 222 3962 s'n
243 3918 341 3962 omitted
365 3918 444 3962 ociore
465 3918 592 3961 deliciosis.
696 3919 725 3962 13.
748 3920 780 3962 tl:
797 3920 882 3977 fregit
904 3922 926 3964 in
949 3934 1022 3974 massis.
1044 3921 1087 3963 alin
1110 3934 1190 3968 suasus:

197 3991 230 4033 ib.
245 3989 278 4032 ‹22
298 3989 426 4039 comediam·
445 3989 647 4044 superscriptum:
666 3991 811 4033 snnniurntc.
903 3991 982 4035 sl-sS.
998 3991 1029 4034 C:
1049 3989 1101 4033 iinc
1120 3998 1154 4033 ast
1169 4015 1193 4021 -

196 4058 444 4103 cssmsncmnracs'omm
455 4058 477 4101 in
490 4071 563 4111 marg.
574 4059 619 4101 ulia
631 4071 709 4101 manu.
757 4061 786 4104 15.
798 4061 871 4105 Alltj:
890 4060 1011 4117 Quotiens.
1054 4063 1085 4103 ui.
1097 4060 1166 4103 nuel
1174 4069 1193 4103 ¹:

197 4131 355 4178 manducate.-
374 4126 404 4171 13:
426 4127 641 4180 nnsndsscancrs'tis;
662 4129 693 4171 ib.
710 4128 740 4172 E:
761 4131 874 4173 literitis.
956 4143 986 4186 ¹9·
1003 4131 1034 4173 E:
1054 4132 1103 4173 eius
1122 4131 1193 4173 deest.

197 4211 232 4242 22.
244 4199 297 4243 AC:
309 4199 389 4243 dicunt
398 4201 455 4242 cort
462 4213 472 4250 ;
486 4197 517 4242 B:
532 4197 612 4242 dicunt
620 4211 715 4250 em·ssns,·
730 4200 762 4244 ll:
773 4199 853 4243 dicunt
863 4199 993 4249 Corinthii‚·
1009 4200 1038 4242 li:
1051 4200 1192 4243 Corinthios.

198 4269 305 4313 Corrcsi.
361 4279 396 4324 27,
407 4267 441 4313 28.
453 4268 528 4313 ABC:
543 4280 594 4312 cuns
604 4270 645 4311 sic.
701 4272 734 4312 εδ.
747 4269 836 4312 codd:
851 4282 935 4324 pasis-sn
945 4269 1004 4312 lssnsc
1014 4270 1083 4312 deest.
1095 4269 1192 4312 Addidi.

256 4447 295 4481 so.
314 4432 333 4483 l.
352 4432 414 4482 Cor.
433 4432 477 4495 Xl,
498 4433 539 4494 23,
560 4447 601 4496 24,
622 4429 662 4482 26.
737 4432 777 4481 28.
798 4431 816 4480 l.
836 4432 896 4481 Cor.
914 4431 956 4492 xl,
977 4445 1018 4495 27.
