3046 4920
140 316 208 364 car.
223 300 278 391 vn]
485 318 533 370 nr
552 316 800 369 unumunurm.

139 479 199 542 illis
221 476 339 540 institis
361 488 529 557 tamquam
553 472 747 556 quibusdam
764 474 959 557 apparenciic
973 475 1130 557 ypocrisis

138 579 352 645 insolubiliter
373 578 546 641 vinculare.
571 576 664 639 Nunc
687 589 797 639 autem
820 576 917 660 ligant
939 597 972 640 ae
994 578 1081 660 ipsos
1098 595 1127 640 et

137 685 349 769 indisponunt
381 682 420 744 ad
453 679 690 765 proficiendum
724 682 858 764 populo,
890 702 963 745 cum
985 683 1129 765 obligant

137 810 171 854 re
198 788 328 853 diabolo
351 800 484 870 propter
506 785 733 869 apparentiam
756 786 920 869 potestatis
944 802 974 852 et
995 789 1075 852 lucri
1098 805 1129 852 et

113 900 203 958 snon
226 904 406 956 reverenter
429 891 507 954 dant
528 890 665 975 gloriam
688 891 759 954 Deo
782 911 851 955 suo.

181 999 222 1063 Et
259 1019 317 1082 per
349 996 411 1060 ista
445 996 529 1059 dicta
561 996 697 1059 breviter
728 1010 866 1080 possunt
896 998 977 1060 solvi
1008 997 1127 1062 similes
1150 1025 1278 1071 Wetnow
1295 1040 1329 1072 we

136 1103 265 1187 argucie
282 1121 339 1185 per
354 1101 523 1164 diabolum
540 1101 731 1164 introducta.
749 1100 876 1165 Scimus
891 1102 1023 1186 quidem
1038 1105 1125 1188 quod
1152 1079 1326 1176 ,affirm

136 1208 349 1273 consuetudo
371 1206 506 1270 istorum
534 1205 753 1291 ypocritarum
783 1227 941 1271 novorum
973 1207 1126 1271 ordinum
1153 1183 1321 1280 ,ffssffidssie

136 1312 351 1379 remurmurat
366 1326 478 1377 contra
492 1312 586 1376 istam
603 1312 808 1376 sentenciam.
832 1314 893 1376 Sed
908 1335 1002 1398 super
1016 1316 1125 1379 omnia
1152 1289 1330 1398 ''iffi‘iivnnaw

95 1421 232 1503 rovincit
251 1420 373 1483 veritas
397 1418 543 1482 racionis.
568 1419 641 1482 Non
664 1439 779 1483 sumus
800 1433 906 1483 autem
930 1421 974 1483 sic
991 1423 1124 1506 despon-

134 1525 193 1590 sati
226 1545 300 1589 cum
334 1524 394 1588 ista
426 1525 588 1588 sentencia
614 1545 713 1610 quam
740 1526 845 1588 adhuc
872 1526 1029 1591 credimus
1058 1548 1125 1590 esse

133 1629 321 1694 catholicam
346 1630 425 1714 quin
449 1631 547 1695 docto
570 1631 730 1695 contrario
752 1632 886 1694 velimus
901 1633 1003 1714 ipsam
1019 1633 1123 1697 humi·

133 1734 204 1798 liter
226 1734 387 1799 dimittere
410 1749 442 1799 et
464 1735 664 1800 contrarium
686 1737 889 1800 constantius
912 1737 1065 1803 confiteri.

185 1985 201 2018 ι.
214 1973 243 2018 B:
258 1985 377 2031 nunquam
387 1975 531 2031 quibudam.
586 1973 606 2019 3.
618 1975 647 2019 B:
663 1977 697 2019 ad
704 1977 839 2021 eiciendum.
894 1975 923 2021 13.
934 1976 1005 2022 DEF:
1021 1977 1125 2035 Brplicr't

132 2047 246 2086 tractatur
254 2044 286 2088 de
295 2041 483 2101 consertionibus
492 2044 577 2099 (ΑυΕε
591 2044 667 2089 editas
676 2057 691 2089 a
702 2046 817 2105 uragirtro
826 2044 932 2091 Iohanne
936 2061 946 2098 ,·
954 2049 988 2092 A:
999 2047 1123 2105 Attalico),-

132 2110 151 2156 Ρ
157 2124 163 2154 =
171 2111 273 2168 Etr'pxcit
286 2117 405 2158 rutaartc
417 2115 448 2158 de
459 2114 649 2169 arioconseur‘bur
658 2114 737 2159 lure-di
743 2127 759 2160 a
770 2115 887 2171 {rimator
899 2122 941 2160 etc.
951 2117 980 2170 (r'.
990 2128 1010 2161 e.
1021 2117 1123 2174 Etplr'cr't

131 2185 249 2225 tractatur
258 2181 289 2227 de
296 2182 484 2239 confessionibus
492 2183 569 2228 editus
578 2177 716 2242 aruagr'rtro
726 2187 779 2239 etc.)
788 2183 834 2234 :Cr
843 2184 982 2231 finialium
991 2187 1014 2231 in
1023 2189 1062 2232 red
1074 2187 1121 2233 ink.
