3046 4920
173 431 241 479 cnr.
256 419 309 509 vt]
512 440 559 491 ne
578 437 824 490 ssucunntstu.

217 596 336 659 Revera
369 599 548 680 glossantes
579 596 708 658 decreta
735 610 766 658 et
795 596 967 658 decretales
990 596 1165 679 opinantur

1326 428 1382 504 187

1193 611 1363 708 &pappa-apg

174 699 392 764 honorabilius
424 702 513 785 quod
547 699 638 782 panis
671 712 703 761 et
731 699 843 762 vinum
872 713 947 762 sunt
976 700 1037 763 hoc
1066 717 1379 763 sacta·0rn.·nnntnn

1193 770 1332 815 Sacrnrnent
1347 769 1367 812 ir

173 821 330 882 mentum,
346 806 434 890 quod
452 822 518 867 non
540 804 720 886 dampnant
743 823 800 866 nee
823 806 999 886 reprobant
1014 806 1070 867 sed
1086 825 1162 868 con·
1177 821 1247 866 nscia
1260 822 1305 864 ana
1316 821 1384 864 turne.

174 909 312 973 firmant.
349 911 388 972 Et
412 909 458 971 sic
482 907 627 971 lecerunt
658 909 758 971 sancti
782 909 929 972 doctores
954 909 1165 972 concorditer.

149 1015 267 1080 §Unde
301 1015 452 1077 Rabauus
483 1012 566 1075 libro
600 1013 648 1075 De
680 1013 810 1077 Naturis
842 1033 961 1094 rerum,
997 1015 1079 1076 libro
1108 1014 1165 1094 V0,

173 1119 313 1202 capitulo
337 1118 379 1180 Xl
405 1117 545 1180 declarat
560 1137 662 1200 quare
679 1119 766 1182 Deus
791 1119 897 1182 voluit
919 1139 952 1181 se
975 1119 1084 1202 ipsum
1102 1119 1165 1181 coli

173 1222 445 1287 sacramentaliter
468 1221 501 1284 in
518 1242 603 1304 pane
626 1237 659 1286 et
674 1223 750 1284 uiuo
767 1238 798 1286 et
820 1223 852 1286 in
869 1221 932 1286 fine
949 1224 993 1286 sic
1010 1224 1165 1307 loquitur:

172 1328 272 1390 Aliud
303 1337 350 1390 est
385 1336 642 1408 sacramentum,
681 1327 774 1390 aliud
810 1328 915 1391 rirtua
950 1330 1168 1407 sacramenti;

172 1441 412 1495 sacramentum
437 1431 521 1493 enim
545 1449 604 1494 ore
612 1433 809 1515 percipitur,
833 1433 1168 1496 virtutesacramenti

134 1538 265 1600 rolromo
283 1537 419 1599 interior
433 1536 598 1614 saciatur;
619 1537 724 1621 igitur
738 1537 815 1621 quia
825 1537 926 1619 panis
949 1556 1068 1619 corpus
1090 1555 1166 1599 con·

161 1641 295 1725 firmat,
327 1640 399 1704 ideo
434 1641 489 1703 ille
523 1660 646 1725 corpus
679 1641 800 1705 Christi
830 1652 1051 1725 congruenter
1082 1661 1165 1704 nun·

172 1756 330 1827 cupatur;
363 1746 471 1808 vinum
497 1755 607 1808 autent
630 1747 709 1830 quia
731 1748 931 1829 sanguinent
954 1757 1112 1828 operatur
1133 1747 1166 1808 in

171 1869 283 1928 carne,
300 1850 371 1913 ideo
388 1854 431 1912 ad
445 1851 642 1935 sanguinem
663 1850 784 1914 Christi
797 1849 962 1935 refertur,·
983 1852 1043 1914 lrec
1057 1861 1165 1914 autem

172 1954 248 2017 dum
272 1966 347 2018 tunt
370 1955 510 2019 visibilia
533 1956 735 2040 sanctificata
745 1975 810 2038 per
826 1955 981 2039 Spiritum
1000 1955 1165 2033 Sanctum,

134 2061 205 2122 liin
227 2069 469 2122 sacramentum
487 2059 588 2122 diuini
602 2060 751 2143 corporis
766 2070 947 2124 transeunt.
971 2062 1053 2123 Ecce
1070 2063 1166 2143 plane

173 2164 333 2227 sentencia
371 2184 469 2247 quarn
508 2164 640 2247 predixi.
680 2165 772 2229 Unde
811 2178 885 2228 ante
923 2167 969 2228 sic
1006 2165 1165 2249 loquitur:

173 2270 293 2332 Maluit
319 2271 401 2332 enim
426 2269 591 2333 Dominus
617 2271 767 2353 corporis
793 2280 825 2334 et
851 2271 1023 2355 ranguinis
1052 2288 1166 2334 sacra·

171 2385 275 2436 menta
280 2374 433 2457 fidelium
458 2394 515 2438 ore
525 2375 655 2458 percipi
678 2384 709 2437 et
731 2375 763 2438 in
774 2385 904 2457 partem
921 2394 1033 2438 eorum
1051 2374 1167 2455 redigi,

176 2489 210 2540 ut
227 2498 291 2561 per
314 2478 438 2542 visibile
460 2497 543 2560 opus
572 2479 742 2542 inuisibilia
768 2480 993 2543 ostenderetur
1021 2479 1166 2562 effectus.

132 2606 164 2641 20
176 2584 254 2645 Ecce
279 2583 368 2667 quod
392 2583 451 2645 iste
475 2603 613 2668 magnus
630 2585 745 2647 doctor
758 2584 856 2647 dictat
872 2603 946 2647 curn
964 2583 1165 2666 experiencia

173 2687 262 2770 quod
286 2687 377 2770 panis
401 2702 431 2748 et
446 2686 559 2749 vinum
575 2707 639 2771 que
664 2701 739 2751 sunt
761 2701 997 2751 sacramentum
1022 2687 1167 2770 corporis

174 2806 204 2854 et
226 2791 388 2875 sanguinis
415 2791 544 2853 Domini
577 2792 768 2873 rediguntur
799 2791 832 2854 in
867 2806 992 2874 partem
1025 2792 1167 2855 hominis

174 2899 281 2979 quoad
305 2915 433 2979 corpus,
467 2912 501 2959 ut
527 2894 681 2978 figuretur
708 2912 817 2980 pastus
840 2896 1001 2959 interioris
1025 2895 1167 2959 hominis

175 3021 230 3083 per
252 3020 319 3063 rem
344 3000 439 3063 huius
463 3001 666 3080 sacramenti,
696 3014 731 3064 ut
758 3021 832 3083 sepe
861 3002 1000 3065 declarat
1028 2999 1061 3061 in
1084 3000 1167 3062 libro

133 3116 233 3168 risuo
259 3105 305 3166 De
329 3124 462 3187 corpore
491 3120 521 3168 et
549 3106 705 3188 sanguine
730 3104 872 3167 Domini.
907 3105 947 3167 Et
974 3104 1061 3166 idem
1090 3105 1166 3167 alle·

174 3227 284 3292 garum
308 3224 355 3271 est
379 3230 416 3271 ex
441 3209 629 3273 testimonio
652 3210 826 3293 Augustini
855 3210 888 3272 in
920 3211 964 3272 De
989 3209 1166 3273 Consecra-

175 3314 276 3396 cione,
300 3313 508 3376 distinctione
524 3314 576 3395 11²,
600 3313 736 3397 Corpus,
760 3328 791 3377 et
806 3313 961 3378 Iohannis
977 3312 1168 3376 Damasceni

175 3434 205 3481 et
242 3419 389 3500 aliorum,
427 3420 574 3502 quamvis
615 3419 675 3481 ista
712 3419 873 3482 sentencia
905 3419 946 3481 sit
976 3439 1032 3500 per
1064 3438 1166 3481 novos

175 3539 380 3605 recentesque
414 3523 469 3607 qui
505 3538 662 3587 venerunt
696 3523 790 3586 nimis
824 3523 997 3606 sophistice
1027 3522 1167 3606 palliata.

227 3763 245 3809 3.
257 3765 309 3809 AB:
325 3778 367 3809 nec
378 3766 456 3817 deest;
472 3766 504 3808 D:
520 3764 557 3808 vcl
567 3765 704 3819 reprobant.
746 3764 764 3808 5.
775 3763 873 3808 ABCD:
888 3764 949 3807 libro
961 3765 1039 3807 before
1051 3764 1086 3808 De
1095 3765 1167 3808 deest.

174 3835 195 3878 8.
211 3835 287 3879 Aue:
303 3837 428 3878 estrirtur.
472 3848 502 3878 ιο.
518 3834 549 3878 E:
565 3839 697 3877 satur-ntur.
745 3846 771 3878 u.
787 3834 819 3876 D:
835 3845 948 3891 congrue.
995 3846 1026 3878 rr.
1042 3834 1073 3878 C:
1089 3840 1167 3878 autern

175 3906 197 3948 in
218 3918 290 3960 marg.
310 3906 354 3949 ulia
375 3919 452 3949 manu.
547 3917 579 3958 14.
600 3905 629 3947 ll:
651 3903 819 3958 sanctificatur.
916 3904 944 3948 15.
965 3904 995 3947 B:
1015 3909 1093 3948 transe
1108 3907 1167 3957 (sic).

175 3987 210 4018 20.
227 3976 255 4019 ss:
276 3975 347 4019 dicat.
402 3987 438 4026 ar.
455 3974 485 4018 li:
505 3976 528 4018 r'n
544 3975 616 4018 deest.
675 3985 712 4030 ²9·
728 3973 760 4017 u:
779 3974 886 4017 sollicite.

230 4120 252 4170 5.
271 4121 335 4170 Rab.
349 4122 464 4181 Maurus,
484 4119 522 4169 De
542 4119 672 4168 Universo
692 4119 736 4167 lib.
749 4119 780 4180 V,
800 4134 856 4183 cap.
875 4118 918 4167 Xl.
938 4119 1026 4183 Migne
1047 4128 1112 4166 tom.
1127 4117 1168 4179 lll,

177 4224 202 4272 p.
220 4207 275 4259 136.
295 4208 335 4258 cf.
350 4208 455 4274 Wrclil,
475 4208 513 4256 lle
527 4208 676 4272 Aponiana,
690 4222 747 4272 cap.
760 4206 827 4268 XVl,
841 4221 900 4271 pag.
916 4221 974 4271 207.
1031 4221 1072 4271 ²7·
1092 4206 1167 4255 Decr.

177 4296 264 4345 Tertia
288 4296 358 4356 Pars,
383 4297 421 4345 lle
446 4296 526 4344 Coris,
551 4296 610 4343 dist.
631 4295 660 4354 lt,
685 4310 741 4359 cap.
763 4295 818 4353 l.X;
845 4294 878 4343 ib.
897 4294 957 4344 Joh.
982 4294 1104 4344 Damasc.
1129 4293 1166 4343 lle

179 4384 242 4433 Fide
262 4383 365 4433 orthod.
385 4384 428 4432 lib.
449 4383 491 4444 lV,
511 4398 568 4448 cap.
587 4383 653 4432 Xlll.
