3046 4920
214 410 285 458 cae.
298 395 352 486 v1.]
558 417 605 468 nr:
624 414 871 470 auertantsru.

1369 403 1426 476 ¹⁵9

258 574 377 651 Quoad
402 572 534 635 virtutes
559 569 756 654 theologicas
779 584 910 653 oportet
934 573 1068 632 omnino
1091 572 1208 634 habere
1268 584 1375 637 111111,

213 676 313 740 fidem
341 691 486 740 sanctam
519 676 559 736 de
589 673 792 737 humanitate
825 691 856 738 et
888 674 1005 737 deitate
1033 674 1149 738 Christi
1178 691 1209 738 et

213 783 252 844 de
277 779 548 845 concernentibus
573 778 635 841 hoc
659 793 907 861 sacramentum,
929 779 1006 862 quia
1022 777 1208 861 inpossibile

212 901 261 950 est
291 884 456 949 infidelem
489 883 522 944 in
555 881 623 945 istis
654 883 780 968 placere
808 883 875 947 Deo
904 883 1129 946 manducando
1158 883 1208 946 vel

187 990 353 1054 5bibendo
376 989 439 1050 hoc
463 1001 704 1052 sacramentum
724 988 757 1051 in
775 987 966 1051 memoriam
981 987 1111 1069 Christi,
1133 1008 1208 1051 cum

211 1095 279 1178 ipse
310 1094 352 1157 sit
383 1093 498 1156 veritas
531 1092 646 1156 odiens
679 1083 901 1177 duplicitatem
935 1092 1099 1171 falsitatis;
1132 1092 1206 1156 ideo

209 1198 349 1263 infidelis
374 1212 410 1260 ut
433 1198 479 1261 sic
502 1197 599 1261 vertit
623 1199 757 1263 dorsum
783 1199 899 1261 mentis
921 1199 954 1260 in
975 1197 1152 1262 Dominum
1176 1214 1208 1262 et

210 1302 350 1367 ostendit
372 1301 432 1365 sibi
457 1323 545 1367 arma
569 1302 692 1387 peccati
716 1303 786 1366 Deo
809 1323 935 1367 summe
963 1302 1104 1384 odibilia,
1131 1322 1206 1365 con·

210 1409 304 1471 vertit
327 1428 361 1470 se
385 1409 425 1470 ad
451 1420 580 1491 patrem
603 1406 764 1471 mendacii
787 1408 960 1491 proditorie
990 1423 1021 1471 et
1042 1406 1205 1490 derisorie,

169 1512 282 1575 roideo
307 1513 379 1576 talis
403 1513 560 1576 iudicium
584 1511 648 1576 sili
670 1510 850 1576 manducat
870 1523 902 1577 et
924 1512 1001 1576 bibit
1028 1514 1204 1576 secundum

208 1618 421 1701 Apostolum.

251 1722 371 1785 Habita
396 1737 505 1787 autern
529 1722 687 1807 dignitate
704 1743 741 1787 ex
758 1722 971 1787 fundamento
988 1721 1061 1786 fidei
1078 1742 1205 1786 necesse

207 1828 360 1912 estquod
377 1827 519 1910 erigatur
535 1848 610 1911 spes
627 1827 660 1891 in
679 1827 823 1892 Domino
839 1827 1074 1911 omnipotente,
1098 1828 1203 1892 omni·

206 1932 327 1996 sciente
351 1948 382 1996 et
406 1932 623 2013 benivolente,
647 1933 704 2017 qui
728 1946 850 1997 tantam
865 1932 1094 2017 gratitudinem
1111 1934 1203 1996 nobis

166 2037 267 2100 risibi
289 2036 421 2121 ingratis
444 2037 587 2101 ostendit
610 2037 799 2102 humanitus
829 2037 995 2121 paciendo,
1023 2038 1203 2118 moriendo,

205 2144 409 2207 ascendendo
419 2156 450 2206 et
459 2155 700 2206 sacramentum
716 2142 795 2207 illud
812 2142 845 2205 in
861 2142 1050 2206 memoriam
1067 2144 1202 2207 istorum

204 2263 236 2310 et
264 2249 405 2311 aliorum
434 2247 635 2311 mirabilium
665 2248 849 2312 tribuendo.
883 2247 976 2312 Unde
1001 2248 1201 2330 Augustinus

205 2353 416 2415 Euchiridion
451 2353 553 2417 L1110:
591 2351 760 2436 Quidquid
789 2363 896 2416 autem
928 2363 1057 2437 gestum
1090 2365 1136 2418 est
1168 2356 1200 2416 in

203 2476 302 2521 cruce
332 2457 461 2535 Clu-isti,
490 2461 522 2520 in
550 2459 736 2540 sepultura,
772 2459 805 2521 in
833 2460 1077 2522 resurreccione
1102 2461 1200 2522 tercia

161 2581 194 2617 πο
203 2562 266 2644 die,
290 2563 323 2625 in
347 2564 538 2627 ascensione
565 2565 598 2625 in
628 2564 736 2626 celum
766 2573 796 2625 et
823 2563 855 2625 in
879 2582 915 2625 eo
939 2563 1025 2645 quod
1045 2564 1135 2627 sedet
1157 2565 1202 2627 ad

202 2667 353 2731 dextram
381 2669 503 2750 patris,
538 2669 584 2731 ita
615 2678 744 2752 gestum
778 2677 827 2731 est
859 2678 893 2729 ut
924 2668 984 2731 lriis
1011 2668 1107 2733 rebus
1136 2688 1199 2732 non

204 2773 327 2836 mistice
350 2783 477 2835 tanturn
502 2772 596 2835 dictis
619 2772 678 2836 sed
699 2773 800 2836 eciam
816 2773 916 2856 gestis
934 2773 1199 2857 corfiguraretur

201 2879 266 2938 vita
298 2877 477 2940 christiana
511 2897 575 2960 que
602 2877 655 2939 lric
680 2878 821 2961 geritur.
858 2877 942 2938 Nam
968 2889 1104 2960 propter
1129 2880 1198 2942 eius

201 3000 332 3044 crucem
355 2982 476 3044 dictum
501 2992 568 3044 est:
604 2981 670 3057 Qui
693 2991 801 3045 autem
828 2980 945 3043 Clrristi
965 2991 1044 3044 sunt
1064 3001 1195 3046 carnem

159 3089 296 3149 25suam
330 3086 568 3168 crucifixerunt
606 3105 680 3148 curn
720 3087 808 3150 viciis
845 3096 876 3148 et
912 3088 1196 3168 concupiscenciis.

199 3190 338 3273 Ptopter
361 3191 590 3274 sepulturam:
616 3191 804 3274 Consepulti
826 3192 909 3253 enim
932 3210 1046 3253 sumus
1069 3192 1195 3256 Christo

194 3315 259 3377 per
280 3295 475 3379 baptismum
500 3298 535 3359 'in
560 3307 710 3360 mortem.
743 3297 880 3378 Propter
901 3298 1197 3360 resurrectionem:

203 3401 244 3462 Ut
280 3401 560 3484 quemadmodum
598 3402 747 3465 Christus
783 3401 966 3464 resurrexit
1000 3420 1021 3461 a
1058 3403 1193 3465 mortuis

193 3526 257 3587 per
283 3508 426 3587 gloriam
452 3509 573 3589 patris,
601 3508 647 3569 ita
676 3517 707 3569 et
736 3524 796 3569 nos
824 3508 857 3568 in
886 3507 1022 3567 nouitate
1044 3508 1103 3568 vite
1125 3527 1193 3568 arn·

156 3616 189 3667 30
198 3609 359 3674 bulemus.
384 3611 522 3693 Propter
544 3612 767 3674 ascensionem
790 3611 823 3673 in
847 3612 949 3673 celum
964 3610 1136 3693 sedemque
1150 3613 1195 3674 ad

250 3808 269 3840 1.
282 3798 312 3841 ll:
321 3796 397 3853 fidem
411 3802 513 3845 rectam:
527 3797 559 3841 ib.
572 3797 604 3841 ll:
620 3797 752 3842 diuinitate.
793 3798 812 3850 5,
822 3798 843 3841 ti.
854 3797 883 3841 E:
899 3804 922 3841 ct
931 3798 1036 3842 attendo.
1078 3801 1099 3843 u.
1111 3799 1143 3843 ll:
1157 3814 1192 3844 se-

196 3867 337 3911 cunditatem
345 3868 482 3923 salsitatis,·
498 3867 526 3910 B:
541 3866 657 3923 duplicem
665 3867 815 3922 salsitatem
829 3867 859 3911 C:
875 3869 988 3910 ranr'ertr't
999 3881 1050 3923 pne.
1114 3868 1142 3913 13.
1159 3871 1184 3913 1);

195 3937 290 3992 specr'er.
372 3938 403 3980 16.
420 3937 452 3979 ll:
473 3938 494 3979 r'd
508 3937 574 3980 illud.
658 3939 689 3979 rtl.
703 3937 798 3980 ABCE:
819 3937 890 3980 Euclr.
905 3937 958 3987 1.tt,·
976 3938 1007 3980 ll:
1028 3938 1072 3980 Ι,1’.
1087 3939 1183 3984 Corrcxi

196 4019 228 4058 ro.
251 4007 280 4050 u:
304 4007 394 4050 Clnu'str'
413 4008 488 4050 deest.
584 4020 617 4064 19,
639 4018 675 4050 1ο.
698 4007 729 4051 C:
751 4008 824 4050 tercia
845 4008 884 4050 die
905 4007 928 4051 iu
952 4020 1024 4063 marg.
1046 4010 1090 4051 alia
1112 4022 1191 4052 mann.

195 4088 230 4120 1ο.
247 4076 277 4120 E:
298 4077 405 4120 ascendit
418 4078 451 4120 ad
465 4078 590 4128 dextram·
608 4080 644 4120 A:
664 4077 727 4120 aliar
740 4089 755 4119 a
770 4078 866 4121 dextris.
939 4079 973 4121 111.
990 4078 1021 4122 C:
1042 4078 1072 4122 Et
1082 4086 1189 4135 propter.

194 4149 229 4190 28.
246 4146 275 4190 u:
295 4149 408 4190 surrexit.
464 4146 498 4190 30.
515 4148 569 4191 All:
590 4148 674 4190 sedem
688 4159 747 4203 quc,-
768 4147 798 4195 C:
818 4160 862 4203 quc
876 4148 898 4191 in
915 4161 987 4203 marg.
1003 4149 1047 4191 alia
1063 4162 1140 4192 manu.

251 4289 288 4322 10.
327 4275 344 4323 1.
376 4275 437 4324 Cor.
468 4275 512 4337 xt,
545 4290 586 4342 ²9·
699 4272 737 4324 18.
775 4275 844 4341 Opp.
876 4287 940 4324 tom.
968 4276 1009 4337 l'l,
1040 4292 1099 4342 pag.
1131 4275 1189 4326 216.

195 4376 236 4424 24.
256 4362 314 4411 Gal.
328 4362 359 4422 V,
381 4377 422 4424 24.
515 4361 556 4411 16.
576 4363 654 4412 Rom.
669 4363 713 4425 Vl,
732 4380 758 4426 4.
848 4361 888 4412 18.
907 4364 941 4413 ib.
