3046 4920
216 441 286 486 css.
301 426 355 518 vt]
559 451 603 500 111:
624 450 869 499 131111111111s'r1n.

215 605 325 668 adltuc
357 627 445 688 agno
476 606 642 669 subditur:
681 606 721 667 lit
759 604 851 667 edent
883 626 997 668 carnes
1029 619 1119 668 nocte
1150 610 1206 669 illa

215 730 311 774 assos
334 713 415 794 igni.
440 711 479 772 In
504 721 596 771 nocte
619 711 735 792 qnippe
759 729 881 792 agnum
905 711 1110 789 comedimus,
1133 713 1205 794 qnia

215 816 247 876 in
279 824 486 877 sacramento
519 813 612 874 modo
644 832 765 895 corpus
793 814 986 876 dominicum
1019 817 1205 896 accipimus,

213 918 346 1000 quando
380 918 487 980 adbuc
518 917 698 979 adinvicem
732 921 952 982 consciencias
980 929 1109 983 nostras
1142 941 1205 982 non

189 1022 369 1085 subdemus.
397 1021 468 1096 Que
489 1031 597 1083 tamen
622 1041 738 1085 carnes
761 1025 838 1106 igne
859 1025 998 1086 assande
1018 1036 1105 1100 snnt,
1127 1027 1203 1106 quia

215 1127 372 1189 nimirum
405 1124 553 1188 dissoluit
582 1145 698 1188 carnes
726 1147 808 1208 quas·
839 1148 925 1209 aqna
959 1130 1091 1206 coxerit,
1122 1149 1206 1210 quas

214 1250 291 1292 uero
309 1231 397 1314 ignis
411 1234 483 1293 sine
502 1250 589 1312 aqna
612 1233 763 1312 excoquit
786 1233 926 1295 roborat.
952 1232 1075 1295 Carnes
1098 1234 1205 1316 itaque

212 1338 295 1419 agni
317 1337 423 1397 nostri
444 1335 532 1397 coxit
553 1337 653 1416 ignis,
683 1338 759 1417 qnia
782 1357 856 1398 enm
880 1339 953 1418 ipsa
977 1339 1023 1400 uis
1035 1338 1203 1420 passionis

214 1440 303 1502 illins
326 1438 371 1500 ad
393 1443 674 1503 resurreccionem
700 1441 912 1503 valenciorem
940 1442 1076 1504 reddidit
1106 1452 1203 1525 atque

173 1544 494 1625 toincorrnpcionern
525 1546 697 1607 roboravit.
729 1545 794 1620 Qui
821 1547 904 1608 enim
932 1566 974 1609 ex
1001 1557 1101 1609 morte
1128 1567 1203 1610 con-

212 1649 364 1726 valuerit,
400 1648 545 1711 uidelicet
578 1668 695 1712 carnes
726 1651 814 1712 illius
841 1651 881 1712 ab
909 1653 985 1734 igne
1011 1651 1202 1714 duruerunt.

216 1753 311 1815 Unde
321 1771 386 1834 per
402 1754 608 1818 Psalmistam
626 1755 725 1816 eciam
743 1755 833 1817 dicit:
849 1755 991 1817 Erarnit
1008 1756 1104 1819 uelud
1121 1767 1201 1819 testa

211 1859 315 1920 uirtus
337 1877 408 1920 men
435 1860 514 1941 qnid
542 1879 682 1941 nonique
708 1871 755 1922 est
781 1870 863 1922 testa
887 1871 961 1922 onte
983 1862 1089 1945 ignem
1096 1877 1109 1936 ,¹
1141 1863 1204 1924 nisi

213 1965 310 2025 molle
338 1963 467 2026 lutum?
501 1964 564 2027 Sed
591 1966 621 2026 ei
653 1984 695 2026 ex
726 1966 802 2048 igne
829 1967 943 2049 agitur
971 1976 1003 2027 ut
1035 1966 1201 2042 solidetur,

172 2077 201 2126 15
212 2069 316 2131 uirtus
332 2068 434 2151 igitur
448 2069 663 2134 humanitatis
678 2070 748 2132 eius
765 2070 852 2132 velut
867 2080 946 2133 testa
962 2071 1101 2147 exaruit,
1123 2073 1201 2153 qnia

211 2173 253 2234 nb
281 2174 359 2256 igne
385 2176 552 2255 passionis
575 2175 620 2236 ad
642 2174 790 2236 uirtutem
816 2176 1071 2257 incorruptionis
1093 2177 1200 2238 creuit.

256 2277 321 2339 Sed
346 2277 417 2339 sola
445 2279 664 2360 redemptoris
692 2279 796 2342 nostri
819 2291 974 2361 percepta
996 2290 1201 2343 sacramenta

211 2382 256 2443 ad
278 2401 388 2443 veram
413 2384 682 2465 sollempnitatem
708 2385 824 2446 mentis
853 2403 915 2446 non
943 2384 1112 2468 sufficiunt
1139 2386 1203 2447 nisi

211 2488 258 2549 eis
281 2506 409 2569 quoque
432 2498 463 2549 et
484 2487 567 2550 bona
590 2508 691 2571 opera
711 2490 900 2572 iungantur.
927 2489 1013 2564 Quid
1027 2490 1111 2552 enim
1122 2510 1201 2572 pro·

168 2616 200 2649 20
211 2592 278 2654 dest
306 2611 427 2674 corpus
456 2603 485 2655 ct
512 2595 707 2677 sangninem
732 2593 820 2656 illins
847 2614 903 2656 ore
925 2595 1094 2675 percipere
1120 2606 1189 2657 ete

204 2698 372 2778 peruersis
396 2698 541 2760 moribus
563 2699 751 2760 contraire?
777 2699 866 2760 Unde
881 2699 958 2761 bene
972 2698 1016 2759 ad
1033 2700 1200 2763 comeden-

209 2802 286 2863 dum
303 2803 472 2865 subditur:
489 2803 532 2865 Et
543 2806 664 2886 azinms
679 2824 784 2885 panes
799 2824 870 2866 cnm
889 2805 1022 2866 lactucis
1038 2807 1199 2888 aggresti-

211 2907 279 2969 bns.
314 2908 418 2971 Panes
446 2909 566 2990 quippe
596 2910 666 2970 sine
684 2908 852 2991 fermento
880 2909 1013 2971 comedit
1035 2911 1090 2990 qui
1112 2922 1200 2973 recta

210 3031 312 3093 opera
335 3013 406 3074 sine
429 3014 646 3094 corrupcione
661 3034 743 3075 vane
758 3015 864 3097 glorie
878 3025 1014 3094 exercet,
1037 3015 1094 3096 qui
1108 3034 1200 3076 man-

168 3117 287 3179 25data
305 3118 524 3180 misericordie
545 3119 615 3180 sine
637 3119 834 3180 admixtione
854 3120 979 3201 peccati
1001 3119 1137 3195 exhibet,
1161 3139 1200 3181 ne

204 3241 362 3305 peruerse
394 3223 528 3303 diripiat
555 3223 642 3305 qnod
672 3224 759 3305 quasi
795 3235 879 3286 recte
910 3223 1084 3306 dispensat.
1124 3225 1200 3286 Hoc

209 3347 337 3408 quoqne
345 3331 472 3408 peccati
478 3328 683 3410 fermentum
702 3330 899 3390 miscuerant
909 3327 989 3389 bone
1004 3348 1063 3390 sue
1078 3330 1200 3391 actioni

209 3433 327 3513 quibus
355 3433 513 3514 prophete
545 3453 620 3495 uoce
646 3453 710 3515 per
747 3436 1004 3515 increpationem
1037 3434 1198 3496 Dominus

264 3667 279 3699 1.
302 3656 332 3697 11:
354 3655 421 3711 ligno
442 3656 563 3706 subditum
586 3654 683 3700 neoti:
704 3669 790 3711 tegno,-
810 3655 830 3699 C
852 3656 873 3698 in
896 3667 969 3710 marg.
990 3657 1103 3700 correxit:
1123 3669 1198 3711 anuo.

210 3737 229 3768 2.
245 3725 299 3768 AB:
313 3725 399 3781 quippe
413 3724 490 3774 deest:
505 3725 524 3768 C
540 3726 562 3769 in
579 3739 653 3781 marg.
669 3727 756 3779 attit.;
777 3726 808 3769 E:
823 3726 923 3782 quidem.
977 3724 995 3768 3.
1011 3727 1079 3770 modo
1084 3742 1094 3778 ,·
1108 3727 1198 3771 codd:

210 3801 305 3845 nostro,-
328 3795 359 3838 C:
383 3800 464 3836 nostro
486 3796 509 3837 i11
533 3809 606 3848 ¹¹¹³¹stb
629 3797 672 3838 alia
695 3809 778 3848 mansu
803 3797 832 3838 th.
853 3795 884 3838 E:
908 3797 1045 3839 assumimus
1064 3798 1198 3853 accipimus.

210 3881 231 3915 n.
248 3865 337 3908 Cott:
353 3864 489 3908 abinvicem.
536 3866 554 3909 5.
572 3866 603 3908 11:
619 3867 682 3921 qnod
694 3873 784 3916 tamem·
799 3866 830 3908 ib.
841 3866 872 3909 C:
888 3867 911 3908 in
925 3868 988 3922 igne.
1029 3869 1050 3909 S.
1066 3866 1096 3909 E:
1111 3868 1201 3922 ipsum,-

210 3935 284 3979 nne:
305 3947 354 3978 cum
369 3934 427 3990 ipso.
506 3947 536 3978 10.
553 3937 769 3991 incorrupcionem,·
787 3935 844 3978 1:111
861 3936 1003 3986 niomium
1024 3936 1046 3978 in
1063 3948 1137 3989 marg.
1153 3937 1200 3989 nd,·

210 4006 240 4048 li:
259 4006 294 4048 ad
306 4004 518 4059 incorrnpcionem.
601 4018 626 4048 11.
643 4004 730 4048 Codd.:
750 4006 812 4048 uidet
826 4017 917 4048 carnes.
933 4004 1042 4056 (Ξοπεκίς
1062 4006 1092 4048 ib.
1108 4005 1198 4050 eost:

208 4077 363 4124 dirrnernnt;
381 4074 411 4117 E:
432 4075 495 4117 olias
510 4080 663 4117 exaruerunt.
744 4087 773 4118 12.
790 4074 820 4117 E:
840 4076 912 4117 artrit.
991 4085 1026 4116 πο.
1042 4074 1137 4119 Anco:
1157 4076 1198 4119 eis.

208 4157 239 4189 ει.
255 4144 287 4189 C:
303 4145 360 4188 bene
375 4144 396 4186 in
414 4156 487 4198 marg.
502 4144 546 4186 olio
563 4157 641 4187 manu.
695 4143 769 4187 231:
781 4156 858 4199 pones
871 4144 970 4200 quidem.
1024 4143 1143 4197 24,25.11:
1158 4158 1199 4201 qut

208 4214 344 4272 ›nanifesta
399 4213 430 4256 25.
446 4214 478 4256 C:
493 4214 621 4257 exl1iberet.
676 4213 812 4258 estote:
834 4215 945 4257 ltominus
959 4214 1033 4265 dcem
1050 4213 1106 4258 Cin
1123 4227 1197 4269 marg.

209 4287 232 4328 in
250 4297 330 4328 rasura
345 4283 417 4326 addit.

265 4410 286 4443 1.
305 4394 389 4443 Exod.
409 4392 504 4454 11118.
572 4408 609 4442 12.
631 4393 725 4442 Psalm.
744 4394 808 4453 XXI,
828 4392 865 4442 16.
938 4408 977 4441 22.
997 4393 1079 4441 Exodi
1099 4393 1152 4453 ΧΗ,
1171 4391 1196 4441 8.
