<?xml version="1.0" encoding="UTF-8"?>
<!DOCTYPE html PUBLIC "-//W3C//DTD XHTML 1.0 Transitional//EN"
    "http://www.w3.org/TR/xhtml1/DTD/xhtml1-transitional.dtd">
<html xmlns="http://www.w3.org/1999/xhtml" xml:lang="en" lang="en">
 <head>
  <title>
</title>
<meta http-equiv="Content-Type" content="text/html;charset=utf-8" />
  <meta name='ocr-system' content='tesseract 3.04.00' />
  <meta name='ocr-capabilities' content='ocr_page ocr_carea ocr_par ocr_line ocrx_word'/>
</head>
<body>
  <div class='ocr_page' id='page_1' title='image "./iohanniswyclifd01losegoog/iohanniswyclifd01losegoog_0090.png"; bbox 0 0 3046 4920; ppageno 0'>
   <div class='ocr_carea' id='block_1_1' title="bbox 210 439 864 531">
    <p class='ocr_par' dir='ltr' id='par_1_1' title="bbox 210 439 864 531">
     <span class='ocr_line' id='line_1_1' title="bbox 210 439 864 531; baseline 0.018 -31"><span class='ocrx_word' id='word_1_1' title='bbox 210 452 282 501; x_wconf 75' lang='lat' dir='ltr'>cna.</span> <span class='ocrx_word' id='word_1_2' title='bbox 295 439 326 531; x_wconf 84' lang='lat' dir='ltr'>r]</span> <span class='ocrx_word' id='word_1_3' title='bbox 554 461 600 511; x_wconf 84' lang='lat' dir='ltr'>nr.</span> <span class='ocrx_word' id='word_1_4' title='bbox 619 460 864 512; x_wconf 78' lang='lat' dir='ltr'>aucuarusrm.</span> 
     </span>
    </p>
   </div>
   <div class='ocr_carea' id='block_1_2' title="bbox 183 617 1388 1434">
    <p class='ocr_par' dir='ltr' id='par_1_2' title="bbox 183 617 1388 1434">
     <span class='ocr_line' id='line_1_2' title="bbox 210 617 1203 701; baseline 0.001 -23"><span class='ocrx_word' id='word_1_5' title='bbox 210 617 316 682; x_wconf 89' lang='lat' dir='ltr'>hostia</span> <span class='ocrx_word' id='word_1_6' title='bbox 347 619 502 682; x_wconf 91' lang='lat' dir='ltr'>debemus</span> <span class='ocrx_word' id='word_1_7' title='bbox 537 618 664 679; x_wconf 92' lang='lat' dir='ltr'>credere</span> <span class='ocrx_word' id='word_1_8' title='bbox 695 619 784 701; x_wconf 91' lang='lat' dir='ltr'>quod</span> <span class='ocrx_word' id='word_1_9' title='bbox 816 617 885 700; x_wconf 86' lang='lat' dir='ltr'>ipsa</span> <span class='ocrx_word' id='word_1_10' title='bbox 918 636 983 679; x_wconf 93' lang='lat' dir='ltr'>non</span> <span class='ocrx_word' id='word_1_11' title='bbox 1011 617 1051 680; x_wconf 90' lang='lat' dir='ltr'>sit</span> <span class='ocrx_word' id='word_1_12' title='bbox 1084 637 1203 699; x_wconf 88' lang='lat' dir='ltr'>corpus</span> 
     </span>
     <span class='ocr_line' id='line_1_3' title="bbox 210 721 1202 804; baseline -0.001 -20"><span class='ocrx_word' id='word_1_13' title='bbox 210 721 342 802; x_wconf 82' lang='lat' dir='ltr'>Christi,</span> <span class='ocrx_word' id='word_1_14' title='bbox 365 726 419 785; x_wconf 89' lang='lat' dir='ltr'>sed</span> <span class='ocrx_word' id='word_1_15' title='bbox 442 723 551 804; x_wconf 86' lang='lat' dir='ltr'>ipsum</span> <span class='ocrx_word' id='word_1_16' title='bbox 576 741 694 804; x_wconf 86' lang='lat' dir='ltr'>corpus</span> <span class='ocrx_word' id='word_1_17' title='bbox 718 721 838 786; x_wconf 82' lang='lat' dir='ltr'>Christi</span> <span class='ocrx_word' id='word_1_18' title='bbox 863 735 910 785; x_wconf 88' lang='lat' dir='ltr'>est</span> <span class='ocrx_word' id='word_1_19' title='bbox 932 724 1202 784; x_wconf 83' lang='lat' dir='ltr'>sacramentaliter</span> 
     </span>
     <span class='ocr_line' id='line_1_4' title="bbox 209 825 1200 909; baseline -0.001 -22"><span class='ocrx_word' id='word_1_20' title='bbox 209 826 243 887; x_wconf 89' lang='lat' dir='ltr'>in</span> <span class='ocrx_word' id='word_1_21' title='bbox 260 827 328 908; x_wconf 83' lang='lat' dir='ltr'>ipsa</span> <span class='ocrx_word' id='word_1_22' title='bbox 344 825 583 890; x_wconf 87' lang='lat' dir='ltr'>absconditum.</span> <span class='ocrx_word' id='word_1_23' title='bbox 609 826 651 889; x_wconf 86' lang='lat' dir='ltr'>Et</span> <span class='ocrx_word' id='word_1_24' title='bbox 668 827 726 890; x_wconf 91' lang='lat' dir='ltr'>iste</span> <span class='ocrx_word' id='word_1_25' title='bbox 750 846 862 891; x_wconf 91' lang='lat' dir='ltr'>sensus</span> <span class='ocrx_word' id='word_1_26' title='bbox 886 827 1016 889; x_wconf 80' lang='lat' dir='ltr'>ecclesie</span> <span class='ocrx_word' id='word_1_27' title='bbox 1040 841 1087 887; x_wconf 87' lang='lat' dir='ltr'>est</span> <span class='ocrx_word' id='word_1_28' title='bbox 1103 846 1200 909; x_wconf 88' lang='lat' dir='ltr'>quem</span> 
     </span>
     <span class='ocr_line' id='line_1_5' title="bbox 210 930 313 993; baseline 0 -1"><span class='ocrx_word' id='word_1_29' title='bbox 210 930 313 993; x_wconf 85' lang='lat' dir='ltr'>canit:</span> 
     </span>
     <span class='ocr_line' id='line_1_6' title="bbox 183 1034 818 1119; baseline 0.014 -29"><span class='ocrx_word' id='word_1_30' title='bbox 183 1040 198 1090; x_wconf 84' lang='grc'>5</span> <span class='ocrx_word' id='word_1_31' title='bbox 389 1034 454 1097; x_wconf 84' lang='lat' dir='ltr'>Sub</span> <span class='ocrx_word' id='word_1_32' title='bbox 478 1035 615 1099; x_wconf 83' lang='lat' dir='ltr'>diuersis</span> <span class='ocrx_word' id='word_1_33' title='bbox 638 1037 818 1119; x_wconf 83' lang='lat' dir='ltr'>speciebus,</span> 
     </span>
     <span class='ocr_line' id='line_1_7' title="bbox 431 1139 963 1224; baseline -0.002 -22"><span class='ocrx_word' id='word_1_34' title='bbox 431 1139 543 1224; x_wconf 82' lang='lat' dir='ltr'>Signis</span> <span class='ocrx_word' id='word_1_35' title='bbox 566 1152 691 1204; x_wconf 82' lang='lat' dir='ltr'>tuntum</span> <span class='ocrx_word' id='word_1_36' title='bbox 715 1151 746 1204; x_wconf 89' lang='lat' dir='ltr'>et</span> <span class='ocrx_word' id='word_1_37' title='bbox 768 1161 831 1203; x_wconf 81' lang='lat' dir='ltr'>raon</span> <span class='ocrx_word' id='word_1_38' title='bbox 855 1141 963 1213; x_wconf 85' lang='lat' dir='ltr'>rebus,</span> 
     </span>
     <span class='ocr_line' id='line_1_8' title="bbox 389 1246 732 1309; baseline 0.003 -2"><span class='ocrx_word' id='word_1_39' title='bbox 389 1246 503 1308; x_wconf 64' lang='lat' dir='ltr'>latent</span> <span class='ocrx_word' id='word_1_40' title='bbox 525 1266 580 1309; x_wconf 87' lang='lat' dir='ltr'>res</span> <span class='ocrx_word' id='word_1_41' title='bbox 602 1246 732 1309; x_wconf 81' lang='lat' dir='ltr'>exintie.</span> 
     </span>
     <span class='ocr_line' id='line_1_9' title="bbox 253 1347 1388 1434; baseline -0.002 -24"><span class='ocrx_word' id='word_1_42' title='bbox 253 1347 294 1410; x_wconf 86' lang='lat' dir='ltr'>Et</span> <span class='ocrx_word' id='word_1_43' title='bbox 321 1362 407 1432; x_wconf 81' lang='lat' dir='ltr'>patet</span> <span class='ocrx_word' id='word_1_44' title='bbox 434 1351 525 1434; x_wconf 91' lang='lat' dir='ltr'>quod</span> <span class='ocrx_word' id='word_1_45' title='bbox 557 1352 723 1413; x_wconf 85' lang='lat' dir='ltr'>destructo</span> <span class='ocrx_word' id='word_1_46' title='bbox 756 1369 861 1412; x_wconf 91' lang='lat' dir='ltr'>errore</span> <span class='ocrx_word' id='word_1_47' title='bbox 888 1349 1043 1434; x_wconf 77' lang='lat' dir='ltr'>ydolatrie</span> <span class='ocrx_word' id='word_1_48' title='bbox 1073 1350 1145 1433; x_wconf 87' lang='lat' dir='ltr'>plus</span> <span class='ocrx_word' id='word_1_49' title='bbox 1169 1363 1200 1412; x_wconf 89' lang='lat' dir='ltr'>et</span> <span class='ocrx_word' id='word_1_50' title='bbox 1244 1361 1388 1408; x_wconf 58' lang='lat' dir='ltr'>tisanana</span> 
     </span>
    </p>
   </div>
   <div class='ocr_carea' id='block_1_3' title="bbox 207 1418 1419 1539">
    <p class='ocr_par' dir='ltr' id='par_1_3' title="bbox 207 1418 1419 1539">
     <span class='ocr_line' id='line_1_10' title="bbox 207 1418 1419 1539; baseline -0.003 -23"><span class='ocrx_word' id='word_1_51' title='bbox 207 1453 319 1535; x_wconf 89' lang='lat' dir='ltr'>purius</span> <span class='ocrx_word' id='word_1_52' title='bbox 342 1455 501 1517; x_wconf 87' lang='lat' dir='ltr'>coleretur</span> <span class='ocrx_word' id='word_1_53' title='bbox 525 1454 613 1518; x_wconf 89' lang='lat' dir='ltr'>Deus</span> <span class='ocrx_word' id='word_1_54' title='bbox 637 1474 737 1539; x_wconf 88' lang='lat' dir='ltr'>quarn</span> <span class='ocrx_word' id='word_1_55' title='bbox 762 1456 864 1518; x_wconf 92' lang='lat' dir='ltr'>modo</span> <span class='ocrx_word' id='word_1_56' title='bbox 887 1455 1011 1535; x_wconf 87' lang='lat' dir='ltr'>colitur,</span> <span class='ocrx_word' id='word_1_57' title='bbox 1033 1454 1110 1538; x_wconf 88' lang='lat' dir='ltr'>quia</span> <span class='ocrx_word' id='word_1_58' title='bbox 1133 1418 1419 1516; x_wconf 62' lang='lat' dir='ltr'>cre-eiiiri‘iiss&#39;iriiii</span> 
     </span>
    </p>
   </div>
   <div class='ocr_carea' id='block_1_4' title="bbox 152 1523 1416 3638">
    <p class='ocr_par' dir='ltr' id='par_1_4' title="bbox 152 1523 1416 3638">
     <span class='ocr_line' id='line_1_11' title="bbox 164 1523 1388 1641; baseline -0.004 -21"><span class='ocrx_word' id='word_1_59' title='bbox 164 1559 351 1621; x_wconf 82' lang='lat' dir='ltr'>rodendum</span> <span class='ocrx_word' id='word_1_60' title='bbox 373 1574 422 1621; x_wconf 91' lang='lat' dir='ltr'>est</span> <span class='ocrx_word' id='word_1_61' title='bbox 444 1561 533 1641; x_wconf 91' lang='lat' dir='ltr'>quod</span> <span class='ocrx_word' id='word_1_62' title='bbox 550 1557 700 1623; x_wconf 90' lang='lat' dir='ltr'>Christus</span> <span class='ocrx_word' id='word_1_63' title='bbox 716 1558 748 1621; x_wconf 90' lang='lat' dir='ltr'>in</span> <span class='ocrx_word' id='word_1_64' title='bbox 765 1560 972 1622; x_wconf 85' lang='lat' dir='ltr'>sacramentis</span> <span class='ocrx_word' id='word_1_65' title='bbox 989 1559 1049 1622; x_wconf 91' lang='lat' dir='ltr'>illis</span> <span class='ocrx_word' id='word_1_66' title='bbox 1070 1578 1199 1641; x_wconf 85' lang='lat' dir='ltr'>presens</span> <span class='ocrx_word' id='word_1_67' title='bbox 1242 1523 1388 1618; x_wconf 65' lang='lat' dir='ltr'>sal&#39;hllh..</span> 
     </span>
     <span class='ocr_line' id='line_1_12' title="bbox 206 1663 1200 1747; baseline 0.002 -23"><span class='ocrx_word' id='word_1_68' title='bbox 206 1663 423 1728; x_wconf 85' lang='lat' dir='ltr'>absconditur.</span> <span class='ocrx_word' id='word_1_69' title='bbox 461 1665 573 1742; x_wconf 89' lang='lat' dir='ltr'>Quare</span> <span class='ocrx_word' id='word_1_70' title='bbox 605 1685 684 1747; x_wconf 79' lang='lat' dir='ltr'>ergo</span> <span class='ocrx_word' id='word_1_71' title='bbox 718 1685 785 1727; x_wconf 93' lang='lat' dir='ltr'>non</span> <span class='ocrx_word' id='word_1_72' title='bbox 820 1666 998 1729; x_wconf 89' lang='lat' dir='ltr'>coleremus</span> <span class='ocrx_word' id='word_1_73' title='bbox 1033 1663 1200 1728; x_wconf 89' lang='lat' dir='ltr'>Christum</span> 
     </span>
     <span class='ocr_line' id='line_1_13' title="bbox 206 1767 1201 1842; baseline 0.003 -15"><span class='ocrx_word' id='word_1_74' title='bbox 206 1767 273 1830; x_wconf 83' lang='lat' dir='ltr'>visa</span> <span class='ocrx_word' id='word_1_75' title='bbox 296 1768 412 1842; x_wconf 86' lang='lat' dir='ltr'>hostia,</span> <span class='ocrx_word' id='word_1_76' title='bbox 440 1769 524 1833; x_wconf 90' lang='lat' dir='ltr'>sicut</span> <span class='ocrx_word' id='word_1_77' title='bbox 551 1769 687 1832; x_wconf 79' lang='lat' dir='ltr'>facimus</span> <span class='ocrx_word' id='word_1_78' title='bbox 709 1769 779 1832; x_wconf 80' lang='lat' dir='ltr'>viso</span> <span class='ocrx_word' id='word_1_79' title='bbox 808 1770 905 1833; x_wconf 91' lang='lat' dir='ltr'>calice</span> <span class='ocrx_word' id='word_1_80' title='bbox 928 1785 959 1832; x_wconf 89' lang='lat' dir='ltr'>et</span> <span class='ocrx_word' id='word_1_81' title='bbox 982 1770 1064 1833; x_wconf 90' lang='lat' dir='ltr'>sicut</span> <span class='ocrx_word' id='word_1_82' title='bbox 1092 1768 1201 1831; x_wconf 87' lang='lat' dir='ltr'>fideles</span> 
     </span>
     <span class='ocr_line' id='line_1_14' title="bbox 205 1873 1200 1957; baseline 0.002 -23"><span class='ocrx_word' id='word_1_83' title='bbox 205 1873 358 1936; x_wconf 83' lang='lat' dir='ltr'>devocius</span> <span class='ocrx_word' id='word_1_84' title='bbox 397 1874 510 1937; x_wconf 90' lang='lat' dir='ltr'>colunt</span> <span class='ocrx_word' id='word_1_85' title='bbox 548 1874 751 1938; x_wconf 87' lang='lat' dir='ltr'>maiestatem</span> <span class='ocrx_word' id='word_1_86' title='bbox 782 1875 926 1937; x_wconf 82' lang='lat' dir='ltr'>divinam</span> <span class='ocrx_word' id='word_1_87' title='bbox 957 1875 1023 1937; x_wconf 85' lang='lat' dir='ltr'>visa</span> <span class='ocrx_word' id='word_1_88' title='bbox 1056 1874 1200 1957; x_wconf 84' lang='lat' dir='ltr'>qualibet</span> 
     </span>
     <span class='ocr_line' id='line_1_15' title="bbox 205 1975 1200 2063; baseline -0.001 -22"><span class='ocrx_word' id='word_1_89' title='bbox 205 1975 368 2042; x_wconf 86' lang='lat' dir='ltr'>creatura?</span> <span class='ocrx_word' id='word_1_90' title='bbox 407 1981 537 2043; x_wconf 81' lang='lat' dir='ltr'>Detecto</span> <span class='ocrx_word' id='word_1_91' title='bbox 576 2000 652 2063; x_wconf 84' lang='lat' dir='ltr'>ergo</span> <span class='ocrx_word' id='word_1_92' title='bbox 690 1981 750 2044; x_wconf 87' lang='lat' dir='ltr'>ista</span> <span class='ocrx_word' id='word_1_93' title='bbox 782 1980 944 2043; x_wconf 86' lang='lat' dir='ltr'>sentencia</span> <span class='ocrx_word' id='word_1_94' title='bbox 979 1979 1061 2042; x_wconf 90' lang='lat' dir='ltr'>loret</span> <span class='ocrx_word' id='word_1_95' title='bbox 1094 1980 1200 2042; x_wconf 87' lang='lat' dir='ltr'>cultus</span> 
     </span>
     <span class='ocr_line' id='line_1_16' title="bbox 163 2084 1199 2170; baseline -0.001 -25"><span class='ocrx_word' id='word_1_96' title='bbox 163 2087 299 2147; x_wconf 82' lang='lat' dir='ltr'>¹5verus</span> <span class='ocrx_word' id='word_1_97' title='bbox 322 2097 354 2148; x_wconf 88' lang='lat' dir='ltr'>et</span> <span class='ocrx_word' id='word_1_98' title='bbox 376 2084 504 2147; x_wconf 88' lang='lat' dir='ltr'>debitus</span> <span class='ocrx_word' id='word_1_99' title='bbox 528 2086 657 2167; x_wconf 88' lang='lat' dir='ltr'>placens</span> <span class='ocrx_word' id='word_1_100' title='bbox 681 2086 761 2167; x_wconf 87' lang='lat' dir='ltr'>Deo,</span> <span class='ocrx_word' id='word_1_101' title='bbox 790 2106 903 2170; x_wconf 84' lang='lat' dir='ltr'>ymmo</span> <span class='ocrx_word' id='word_1_102' title='bbox 930 2087 995 2148; x_wconf 89' lang='lat' dir='ltr'>iam</span> <span class='ocrx_word' id='word_1_103' title='bbox 1024 2098 1071 2147; x_wconf 90' lang='lat' dir='ltr'>est</span> <span class='ocrx_word' id='word_1_104' title='bbox 1093 2085 1199 2148; x_wconf 84' lang='lat' dir='ltr'>cultus</span> 
     </span>
     <span class='ocr_line' id='line_1_17' title="bbox 204 2189 1198 2256; baseline -0.001 -5"><span class='ocrx_word' id='word_1_105' title='bbox 204 2189 362 2252; x_wconf 86' lang='lat' dir='ltr'>mendacii</span> <span class='ocrx_word' id='word_1_106' title='bbox 393 2190 644 2253; x_wconf 81' lang='lat' dir='ltr'>abhominabilis</span> <span class='ocrx_word' id='word_1_107' title='bbox 671 2192 742 2254; x_wconf 90' lang='lat' dir='ltr'>Deo</span> <span class='ocrx_word' id='word_1_108' title='bbox 773 2211 860 2256; x_wconf 85' lang='lat' dir='ltr'>vero.</span> <span class='ocrx_word' id='word_1_109' title='bbox 894 2191 935 2253; x_wconf 85' lang='lat' dir='ltr'>Et</span> <span class='ocrx_word' id='word_1_110' title='bbox 963 2189 1023 2253; x_wconf 88' lang='lat' dir='ltr'>ista</span> <span class='ocrx_word' id='word_1_111' title='bbox 1051 2203 1099 2251; x_wconf 88' lang='lat' dir='ltr'>est</span> <span class='ocrx_word' id='word_1_112' title='bbox 1127 2209 1198 2250; x_wconf 88' lang='lat' dir='ltr'>vcra</span> 
     </span>
     <span class='ocr_line' id='line_1_18' title="bbox 203 2294 1092 2378; baseline 0.002 -22"><span class='ocrx_word' id='word_1_113' title='bbox 203 2294 366 2357; x_wconf 86' lang='lat' dir='ltr'>sentencia</span> <span class='ocrx_word' id='word_1_114' title='bbox 391 2294 464 2358; x_wconf 87' lang='lat' dir='ltr'>licet</span> <span class='ocrx_word' id='word_1_115' title='bbox 487 2294 655 2377; x_wconf 81' lang='lat' dir='ltr'>displiceat</span> <span class='ocrx_word' id='word_1_116' title='bbox 678 2294 885 2378; x_wconf 83' lang='lat' dir='ltr'>pontificibus</span> <span class='ocrx_word' id='word_1_117' title='bbox 908 2294 1092 2378; x_wconf 88' lang='lat' dir='ltr'>ydolorum.</span> 
     </span>
     <span class='ocr_line' id='line_1_19' title="bbox 248 2399 1416 2507; baseline -0.007 -45"><span class='ocrx_word' id='word_1_118' title='bbox 248 2399 366 2463; x_wconf 86' lang='lat' dir='ltr'>Tercio</span> <span class='ocrx_word' id='word_1_119' title='bbox 389 2400 538 2463; x_wconf 91' lang='lat' dir='ltr'>obiciunt</span> <span class='ocrx_word' id='word_1_120' title='bbox 561 2421 618 2483; x_wconf 88' lang='lat' dir='ltr'>per</span> <span class='ocrx_word' id='word_1_121' title='bbox 640 2399 701 2463; x_wconf 91' lang='lat' dir='ltr'>hoc</span> <span class='ocrx_word' id='word_1_122' title='bbox 724 2402 813 2484; x_wconf 91' lang='lat' dir='ltr'>quod</span> <span class='ocrx_word' id='word_1_123' title='bbox 837 2400 883 2464; x_wconf 89' lang='lat' dir='ltr'>sic</span> <span class='ocrx_word' id='word_1_124' title='bbox 906 2399 1068 2463; x_wconf 89' lang='lat' dir='ltr'>vilesceret</span> <span class='ocrx_word' id='word_1_125' title='bbox 1095 2418 1197 2461; x_wconf 86' lang='lat' dir='ltr'>sacer·</span> <span class='ocrx_word' id='word_1_126' title='bbox 1220 2409 1353 2507; x_wconf 29' lang='lat' dir='ltr'>sylinam?</span> <span class='ocrx_word' id='word_1_127' title='bbox 1368 2421 1416 2506; x_wconf 33' lang='grc' dir='ltr'>ηῗι.</span> 
     </span>
     <span class='ocr_line' id='line_1_20' title="bbox 202 2473 1415 2589; baseline 0 -23"><span class='ocrx_word' id='word_1_128' title='bbox 202 2505 318 2568; x_wconf 87' lang='lat' dir='ltr'>dotalis</span> <span class='ocrx_word' id='word_1_129' title='bbox 335 2519 475 2589; x_wconf 87' lang='lat' dir='ltr'>potestas</span> <span class='ocrx_word' id='word_1_130' title='bbox 491 2526 567 2568; x_wconf 92' lang='lat' dir='ltr'>cum</span> <span class='ocrx_word' id='word_1_131' title='bbox 585 2526 649 2569; x_wconf 91' lang='lat' dir='ltr'>non</span> <span class='ocrx_word' id='word_1_132' title='bbox 668 2507 763 2569; x_wconf 89' lang='lat' dir='ltr'>hahet</span> <span class='ocrx_word' id='word_1_133' title='bbox 779 2518 973 2589; x_wconf 86' lang='lat' dir='ltr'>potestatem</span> <span class='ocrx_word' id='word_1_134' title='bbox 989 2505 1196 2567; x_wconf 89' lang='lat' dir='ltr'>consecrandi</span> <span class='ocrx_word' id='word_1_135' title='bbox 1208 2473 1415 2572; x_wconf 44' lang='lat' dir='ltr'>iiidieiiliss‘i&#39;iiii‘.</span> 
     </span>
     <span class='ocr_line' id='line_1_21' title="bbox 156 2609 1196 2696; baseline -0.002 -24"><span class='ocrx_word' id='word_1_136' title='bbox 156 2609 252 2673; x_wconf 69' lang='lat' dir='ltr'>eovet</span> <span class='ocrx_word' id='word_1_137' title='bbox 277 2609 412 2674; x_wconf 83' lang='lat' dir='ltr'>faciendi</span> <span class='ocrx_word' id='word_1_138' title='bbox 436 2631 554 2696; x_wconf 85' lang='lat' dir='ltr'>corpus</span> <span class='ocrx_word' id='word_1_139' title='bbox 573 2610 691 2673; x_wconf 88' lang='lat' dir='ltr'>Christi</span> <span class='ocrx_word' id='word_1_140' title='bbox 716 2612 765 2675; x_wconf 85' lang='lat' dir='ltr'>vel</span> <span class='ocrx_word' id='word_1_141' title='bbox 788 2610 990 2694; x_wconf 79' lang='lat' dir='ltr'>sanguinem,</span> <span class='ocrx_word' id='word_1_142' title='bbox 1012 2630 1127 2693; x_wconf 92' lang='lat' dir='ltr'>ymmo</span> <span class='ocrx_word' id='word_1_143' title='bbox 1150 2609 1196 2670; x_wconf 82' lang='lat' dir='ltr'>vi·</span> 
     </span>
     <span class='ocr_line' id='line_1_22' title="bbox 202 2715 1195 2801; baseline -0.002 -24"><span class='ocrx_word' id='word_1_144' title='bbox 202 2716 295 2778; x_wconf 91' lang='lat' dir='ltr'>detur</span> <span class='ocrx_word' id='word_1_145' title='bbox 317 2716 407 2799; x_wconf 90' lang='lat' dir='ltr'>quod</span> <span class='ocrx_word' id='word_1_146' title='bbox 429 2715 513 2779; x_wconf 87' lang='lat' dir='ltr'>sicut</span> <span class='ocrx_word' id='word_1_147' title='bbox 536 2716 647 2801; x_wconf 88' lang='lat' dir='ltr'>laycus</span> <span class='ocrx_word' id='word_1_148' title='bbox 671 2715 812 2779; x_wconf 89' lang='lat' dir='ltr'>videndo</span> <span class='ocrx_word' id='word_1_149' title='bbox 827 2716 1003 2799; x_wconf 83' lang='lat' dir='ltr'>quamlibet</span> <span class='ocrx_word' id='word_1_150' title='bbox 1018 2730 1195 2777; x_wconf 88' lang='lat' dir='ltr'>creaturam</span> 
     </span>
     <span class='ocr_line' id='line_1_23' title="bbox 200 2819 1196 2905; baseline 0.001 -26"><span class='ocrx_word' id='word_1_151' title='bbox 200 2820 289 2884; x_wconf 84' lang='lat' dir='ltr'>videt</span> <span class='ocrx_word' id='word_1_152' title='bbox 321 2820 353 2883; x_wconf 95' lang='lat' dir='ltr'>in</span> <span class='ocrx_word' id='word_1_153' title='bbox 386 2819 448 2883; x_wconf 87' lang='lat' dir='ltr'>lide</span> <span class='ocrx_word' id='word_1_154' title='bbox 481 2821 634 2884; x_wconf 86' lang='lat' dir='ltr'>deitatem</span> <span class='ocrx_word' id='word_1_155' title='bbox 665 2841 729 2905; x_wconf 91' lang='lat' dir='ltr'>que</span> <span class='ocrx_word' id='word_1_156' title='bbox 762 2835 811 2884; x_wconf 90' lang='lat' dir='ltr'>est</span> <span class='ocrx_word' id='word_1_157' title='bbox 844 2821 916 2903; x_wconf 89' lang='lat' dir='ltr'>plus</span> <span class='ocrx_word' id='word_1_158' title='bbox 947 2839 1047 2903; x_wconf 91' lang='lat' dir='ltr'>quam</span> <span class='ocrx_word' id='word_1_159' title='bbox 1080 2838 1196 2900; x_wconf 87' lang='lat' dir='ltr'>corpus</span> 
     </span>
     <span class='ocr_line' id='line_1_24' title="bbox 200 2923 1197 3011; baseline -0.005 -22"><span class='ocrx_word' id='word_1_160' title='bbox 200 2923 331 3006; x_wconf 87' lang='lat' dir='ltr'>Christi,</span> <span class='ocrx_word' id='word_1_161' title='bbox 369 2925 414 2989; x_wconf 86' lang='lat' dir='ltr'>sic</span> <span class='ocrx_word' id='word_1_162' title='bbox 450 2926 591 2989; x_wconf 86' lang='lat' dir='ltr'>videndo</span> <span class='ocrx_word' id='word_1_163' title='bbox 629 2926 808 3011; x_wconf 87' lang='lat' dir='ltr'>quamlibet</span> <span class='ocrx_word' id='word_1_164' title='bbox 845 2939 1020 2988; x_wconf 89' lang='lat' dir='ltr'>creaturam</span> <span class='ocrx_word' id='word_1_165' title='bbox 1061 2923 1197 2987; x_wconf 89' lang='lat' dir='ltr'>fideliter</span> 
     </span>
     <span class='ocr_line' id='line_1_25' title="bbox 199 3028 1195 3114; baseline -0.001 -23"><span class='ocrx_word' id='word_1_166' title='bbox 199 3028 397 3094; x_wconf 81' lang='lat' dir='ltr'>sufficienter</span> <span class='ocrx_word' id='word_1_167' title='bbox 436 3030 552 3114; x_wconf 89' lang='lat' dir='ltr'>accipit</span> <span class='ocrx_word' id='word_1_168' title='bbox 589 3050 707 3114; x_wconf 84' lang='lat' dir='ltr'>corpus</span> <span class='ocrx_word' id='word_1_169' title='bbox 740 3030 870 3095; x_wconf 90' lang='lat' dir='ltr'>Christi.</span> <span class='ocrx_word' id='word_1_170' title='bbox 915 3030 978 3093; x_wconf 88' lang='lat' dir='ltr'>Sed</span> <span class='ocrx_word' id='word_1_171' title='bbox 1013 3028 1085 3112; x_wconf 88' lang='lat' dir='ltr'>quis</span> <span class='ocrx_word' id='word_1_172' title='bbox 1118 3044 1195 3090; x_wconf 89' lang='lat' dir='ltr'>runc</span> 
     </span>
     <span class='ocr_line' id='line_1_26' title="bbox 152 3133 1193 3217; baseline -0.002 -21"><span class='ocrx_word' id='word_1_173' title='bbox 152 3135 321 3198; x_wconf 79' lang='lat' dir='ltr'>²5audiret</span> <span class='ocrx_word' id='word_1_174' title='bbox 353 3134 495 3217; x_wconf 87' lang='lat' dir='ltr'>missam,</span> <span class='ocrx_word' id='word_1_175' title='bbox 528 3136 698 3199; x_wconf 88' lang='lat' dir='ltr'>missantes</span> <span class='ocrx_word' id='word_1_176' title='bbox 732 3156 802 3199; x_wconf 91' lang='lat' dir='ltr'>care</span> <span class='ocrx_word' id='word_1_177' title='bbox 834 3135 1030 3198; x_wconf 90' lang='lat' dir='ltr'>conduceret</span> <span class='ocrx_word' id='word_1_178' title='bbox 1060 3133 1110 3194; x_wconf 90' lang='lat' dir='ltr'>vel</span> <span class='ocrx_word' id='word_1_179' title='bbox 1142 3153 1193 3195; x_wconf 90' lang='lat' dir='ltr'>ac·</span> 
     </span>
     <span class='ocr_line' id='line_1_27' title="bbox 197 3236 868 3322; baseline 0.001 -20"><span class='ocrx_word' id='word_1_180' title='bbox 197 3238 318 3322; x_wconf 89' lang='lat' dir='ltr'>ciperet</span> <span class='ocrx_word' id='word_1_181' title='bbox 341 3259 431 3304; x_wconf 89' lang='lat' dir='ltr'>more</span> <span class='ocrx_word' id='word_1_182' title='bbox 454 3240 585 3304; x_wconf 90' lang='lat' dir='ltr'>ecclesie</span> <span class='ocrx_word' id='word_1_183' title='bbox 608 3236 868 3304; x_wconf 72' lang='lat' dir='ltr'>sacramentum?</span> 
     </span>
     <span class='ocr_line' id='line_1_28' title="bbox 244 3342 1192 3430; baseline -0.003 -23"><span class='ocrx_word' id='word_1_184' title='bbox 244 3345 305 3408; x_wconf 84' lang='lat' dir='ltr'>Hic</span> <span class='ocrx_word' id='word_1_185' title='bbox 332 3345 450 3408; x_wconf 89' lang='lat' dir='ltr'>dicitur</span> <span class='ocrx_word' id='word_1_186' title='bbox 481 3347 571 3430; x_wconf 90' lang='lat' dir='ltr'>quod</span> <span class='ocrx_word' id='word_1_187' title='bbox 604 3346 746 3428; x_wconf 88' lang='lat' dir='ltr'>primum</span> <span class='ocrx_word' id='word_1_188' title='bbox 775 3365 840 3407; x_wconf 94' lang='lat' dir='ltr'>non</span> <span class='ocrx_word' id='word_1_189' title='bbox 868 3343 1024 3428; x_wconf 87' lang='lat' dir='ltr'>sequitur,</span> <span class='ocrx_word' id='word_1_190' title='bbox 1055 3342 1111 3404; x_wconf 92' lang='lat' dir='ltr'>sed</span> <span class='ocrx_word' id='word_1_191' title='bbox 1138 3344 1192 3405; x_wconf 91' lang='lat' dir='ltr'>de-</span> 
     </span>
     <span class='ocr_line' id='line_1_29' title="bbox 197 3445 1192 3533; baseline -0.002 -23"><span class='ocrx_word' id='word_1_192' title='bbox 197 3463 322 3513; x_wconf 89' lang='lat' dir='ltr'>structo</span> <span class='ocrx_word' id='word_1_193' title='bbox 354 3470 459 3514; x_wconf 90' lang='lat' dir='ltr'>errore</span> <span class='ocrx_word' id='word_1_194' title='bbox 494 3450 692 3533; x_wconf 84' lang='lat' dir='ltr'>blasphemie</span> <span class='ocrx_word' id='word_1_195' title='bbox 725 3463 902 3512; x_wconf 83' lang='lat' dir='ltr'>servaretur</span> <span class='ocrx_word' id='word_1_196' title='bbox 925 3463 955 3510; x_wconf 92' lang='lat' dir='ltr'>et</span> <span class='ocrx_word' id='word_1_197' title='bbox 982 3445 1192 3531; x_wconf 87' lang='lat' dir='ltr'>comprehen-</span> 
     </span>
     <span class='ocr_line' id='line_1_30' title="bbox 196 3552 1192 3638; baseline -0.004 -22"><span class='ocrx_word' id='word_1_198' title='bbox 196 3555 326 3617; x_wconf 87' lang='lat' dir='ltr'>deretur</span> <span class='ocrx_word' id='word_1_199' title='bbox 349 3556 556 3619; x_wconf 88' lang='lat' dir='ltr'>sacerdotalis</span> <span class='ocrx_word' id='word_1_200' title='bbox 579 3569 724 3638; x_wconf 88' lang='lat' dir='ltr'>potestas</span> <span class='ocrx_word' id='word_1_201' title='bbox 749 3555 780 3617; x_wconf 89' lang='lat' dir='ltr'>in</span> <span class='ocrx_word' id='word_1_202' title='bbox 805 3554 871 3617; x_wconf 90' lang='lat' dir='ltr'>suis</span> <span class='ocrx_word' id='word_1_203' title='bbox 896 3553 1061 3617; x_wconf 88' lang='lat' dir='ltr'>limitibus.</span> <span class='ocrx_word' id='word_1_204' title='bbox 1086 3552 1192 3614; x_wconf 91' lang='lat' dir='ltr'>Nichil</span> 
     </span>
    </p>
   </div>
   <div class='ocr_carea' id='block_1_5' title="bbox 149 3657 1191 3743">
    <p class='ocr_par' dir='ltr' id='par_1_5' title="bbox 149 3657 1191 3743">
     <span class='ocr_line' id='line_1_31' title="bbox 149 3657 1191 3743; baseline 0 -25"><span class='ocrx_word' id='word_1_205' title='bbox 149 3658 284 3722; x_wconf 82' lang='lat' dir='ltr'>soenim</span> <span class='ocrx_word' id='word_1_206' title='bbox 300 3659 483 3723; x_wconf 89' lang='lat' dir='ltr'>horribilius</span> <span class='ocrx_word' id='word_1_207' title='bbox 499 3679 599 3743; x_wconf 92' lang='lat' dir='ltr'>quam</span> <span class='ocrx_word' id='word_1_208' title='bbox 611 3660 701 3743; x_wconf 91' lang='lat' dir='ltr'>quod</span> <span class='ocrx_word' id='word_1_209' title='bbox 718 3659 852 3743; x_wconf 90' lang='lat' dir='ltr'>quilibet</span> <span class='ocrx_word' id='word_1_210' title='bbox 868 3660 1015 3721; x_wconf 89' lang='lat' dir='ltr'>sacerdos</span> <span class='ocrx_word' id='word_1_211' title='bbox 1027 3657 1191 3720; x_wconf 89' lang='lat' dir='ltr'>celebrans</span> 
     </span>
    </p>
   </div>
   <div class='ocr_carea' id='block_1_6' title="bbox 191 3916 1192 4464">
    <p class='ocr_par' dir='ltr' id='par_1_6' title="bbox 191 3916 1192 4464">
     <span class='ocr_line' id='line_1_32' title="bbox 247 3916 1192 3974; baseline -0.004 -13"><span class='ocrx_word' id='word_1_212' title='bbox 247 3928 267 3960; x_wconf 84' lang='lat'>2.</span> <span class='ocrx_word' id='word_1_213' title='bbox 286 3918 319 3962; x_wconf 86' lang='lat' dir='ltr'>C:</span> <span class='ocrx_word' id='word_1_214' title='bbox 340 3918 430 3962; x_wconf 80' lang='lat' dir='ltr'>Christi</span> <span class='ocrx_word' id='word_1_215' title='bbox 446 3918 521 3963; x_wconf 82' lang='lat' dir='ltr'>estin</span> <span class='ocrx_word' id='word_1_216' title='bbox 543 3930 617 3974; x_wconf 85' lang='lat' dir='ltr'>marg.</span> <span class='ocrx_word' id='word_1_217' title='bbox 637 3919 681 3963; x_wconf 84' lang='lat' dir='ltr'>alia</span> <span class='ocrx_word' id='word_1_218' title='bbox 701 3931 780 3963; x_wconf 83' lang='lat' dir='ltr'>manu.</span> <span class='ocrx_word' id='word_1_219' title='bbox 847 3916 868 3972; x_wconf 82' lang='lat'>3,</span> <span class='ocrx_word' id='word_1_220' title='bbox 887 3931 910 3969; x_wconf 75' lang='lat' dir='ltr'>a.</span> <span class='ocrx_word' id='word_1_221' title='bbox 930 3917 963 3960; x_wconf 84' lang='lat' dir='ltr'>lt:</span> <span class='ocrx_word' id='word_1_222' title='bbox 983 3916 1079 3960; x_wconf 81' lang='lat' dir='ltr'>ecclesie</span> <span class='ocrx_word' id='word_1_223' title='bbox 1097 3921 1192 3966; x_wconf 68' lang='lat' dir='ltr'>metuar</span> 
     </span>
     <span class='ocr_line' id='line_1_33' title="bbox 193 3985 1190 4045; baseline -0.005 -13"><span class='ocrx_word' id='word_1_224' title='bbox 193 3987 224 4032; x_wconf 81' lang='lat' dir='ltr'>E:</span> <span class='ocrx_word' id='word_1_225' title='bbox 245 3994 280 4032; x_wconf 83' lang='lat' dir='ltr'>cst</span> <span class='ocrx_word' id='word_1_226' title='bbox 300 3994 383 4032; x_wconf 81' lang='lat' dir='ltr'>cantus</span> <span class='ocrx_word' id='word_1_227' title='bbox 403 3989 515 4040; x_wconf 83' lang='lat' dir='ltr'>ecclesr&#39;e‚·</span> <span class='ocrx_word' id='word_1_228' title='bbox 536 3988 568 4033; x_wconf 89' lang='lat' dir='ltr'>ih.</span> <span class='ocrx_word' id='word_1_229' title='bbox 591 3989 620 4032; x_wconf 85' lang='lat' dir='ltr'>ll:</span> <span class='ocrx_word' id='word_1_230' title='bbox 644 4001 711 4045; x_wconf 75' lang='lat' dir='ltr'>quem</span> <span class='ocrx_word' id='word_1_231' title='bbox 732 3988 805 4032; x_wconf 77' lang='lat' dir='ltr'>canis.</span> <span class='ocrx_word' id='word_1_232' title='bbox 892 3988 914 4029; x_wconf 78' lang='lat' dir='ltr'>ti.</span> <span class='ocrx_word' id='word_1_233' title='bbox 936 3985 967 4030; x_wconf 90' lang='lat' dir='ltr'>C:</span> <span class='ocrx_word' id='word_1_234' title='bbox 991 3991 1079 4029; x_wconf 84' lang='lat' dir='ltr'>tantam</span> <span class='ocrx_word' id='word_1_235' title='bbox 1100 3991 1123 4028; x_wconf 83' lang='lat' dir='ltr'>rt</span> <span class='ocrx_word' id='word_1_236' title='bbox 1144 3998 1190 4028; x_wconf 75' lang='lat' dir='ltr'>raon</span> 
     </span>
     <span class='ocr_line' id='line_1_34' title="bbox 192 4055 1189 4115; baseline -0.004 -13"><span class='ocrx_word' id='word_1_237' title='bbox 192 4057 289 4114; x_wconf 74' lang='lat' dir='ltr'>corrigit</span> <span class='ocrx_word' id='word_1_238' title='bbox 302 4072 342 4102; x_wconf 82' lang='lat' dir='ltr'>ex:</span> <span class='ocrx_word' id='word_1_239' title='bbox 358 4064 435 4102; x_wconf 73' lang='lat' dir='ltr'>tamen</span> <span class='ocrx_word' id='word_1_240' title='bbox 449 4059 492 4102; x_wconf 81' lang='lat' dir='ltr'>scd</span> <span class='ocrx_word' id='word_1_241' title='bbox 505 4071 567 4109; x_wconf 79' lang='lat' dir='ltr'>nori:</span> <span class='ocrx_word' id='word_1_242' title='bbox 580 4058 611 4102; x_wconf 87' lang='lat' dir='ltr'>ib.</span> <span class='ocrx_word' id='word_1_243' title='bbox 623 4058 655 4102; x_wconf 79' lang='lat'>13:</span> <span class='ocrx_word' id='word_1_244' title='bbox 670 4059 714 4102; x_wconf 82' lang='lat' dir='ltr'>rcr&#39;.</span> <span class='ocrx_word' id='word_1_245' title='bbox 768 4071 792 4115; x_wconf 86' lang='lat'>9.</span> <span class='ocrx_word' id='word_1_246' title='bbox 804 4057 858 4102; x_wconf 78' lang='lat' dir='ltr'>All:</span> <span class='ocrx_word' id='word_1_247' title='bbox 874 4057 936 4101; x_wconf 85' lang='lat' dir='ltr'>Deras</span> <span class='ocrx_word' id='word_1_248' title='bbox 950 4057 1028 4108; x_wconf 82' lang='lat' dir='ltr'>deest;</span> <span class='ocrx_word' id='word_1_249' title='bbox 1044 4055 1063 4098; x_wconf 90' lang='lat' dir='ltr'>C</span> <span class='ocrx_word' id='word_1_250' title='bbox 1077 4055 1100 4099; x_wconf 92' lang='lat' dir='ltr'>in</span> <span class='ocrx_word' id='word_1_251' title='bbox 1116 4067 1189 4111; x_wconf 68' lang='lat' dir='ltr'>marg.</span> 
     </span>
     <span class='ocr_line' id='line_1_35' title="bbox 192 4123 1191 4185; baseline -0.003 -14"><span class='ocrx_word' id='word_1_252' title='bbox 192 4128 238 4171; x_wconf 83' lang='lat' dir='ltr'>alla</span> <span class='ocrx_word' id='word_1_253' title='bbox 248 4141 333 4182; x_wconf 81' lang='lat' dir='ltr'>manu;</span> <span class='ocrx_word' id='word_1_254' title='bbox 347 4128 379 4172; x_wconf 88' lang='lat' dir='ltr'>ib.</span> <span class='ocrx_word' id='word_1_255' title='bbox 391 4127 421 4172; x_wconf 88' lang='lat' dir='ltr'>E:</span> <span class='ocrx_word' id='word_1_256' title='bbox 437 4140 508 4185; x_wconf 73' lang='lat' dir='ltr'>qaam</span> <span class='ocrx_word' id='word_1_257' title='bbox 518 4140 587 4172; x_wconf 81' lang='lat' dir='ltr'>nunc.</span> <span class='ocrx_word' id='word_1_258' title='bbox 643 4140 674 4172; x_wconf 91' lang='lat' dir='ltr'>ro.</span> <span class='ocrx_word' id='word_1_259' title='bbox 686 4128 718 4172; x_wconf 82' lang='lat' dir='ltr'>ll:</span> <span class='ocrx_word' id='word_1_260' title='bbox 734 4129 758 4172; x_wconf 88' lang='lat' dir='ltr'>t&#39;n</span> <span class='ocrx_word' id='word_1_261' title='bbox 771 4132 927 4173; x_wconf 82' lang='lat' dir='ltr'>sacramento.</span> <span class='ocrx_word' id='word_1_262' title='bbox 982 4123 1011 4169; x_wconf 79' lang='lat' dir='ltr'>rl.</span> <span class='ocrx_word' id='word_1_263' title='bbox 1024 4125 1054 4169; x_wconf 87' lang='lat' dir='ltr'>B:</span> <span class='ocrx_word' id='word_1_264' title='bbox 1069 4125 1191 4168; x_wconf 81' lang='lat' dir='ltr'>maiestate</span> 
     </span>
     <span class='ocr_line' id='line_1_36' title="bbox 191 4195 1189 4251; baseline -0.004 -11"><span class='ocrx_word' id='word_1_265' title='bbox 191 4199 287 4250; x_wconf 80' lang='lat' dir='ltr'>diuina,-</span> <span class='ocrx_word' id='word_1_266' title='bbox 304 4199 336 4243; x_wconf 90' lang='lat' dir='ltr'>ib.</span> <span class='ocrx_word' id='word_1_267' title='bbox 351 4198 405 4242; x_wconf 73' lang='lat' dir='ltr'>nu:</span> <span class='ocrx_word' id='word_1_268' title='bbox 421 4199 478 4242; x_wconf 76' lang='lat' dir='ltr'>nita.</span> <span class='ocrx_word' id='word_1_269' title='bbox 538 4209 571 4250; x_wconf 70' lang='lat' dir='ltr'>ra.</span> <span class='ocrx_word' id='word_1_270' title='bbox 585 4197 640 4242; x_wconf 80' lang='lat' dir='ltr'>AB:</span> <span class='ocrx_word' id='word_1_271' title='bbox 660 4198 779 4242; x_wconf 80' lang='lat' dir='ltr'>sentencia</span> <span class='ocrx_word' id='word_1_272' title='bbox 794 4199 870 4248; x_wconf 86' lang='lat' dir='ltr'>deest;</span> <span class='ocrx_word' id='word_1_273' title='bbox 891 4195 946 4240; x_wconf 89' lang='lat' dir='ltr'>Cin</span> <span class='ocrx_word' id='word_1_274' title='bbox 963 4207 1035 4251; x_wconf 78' lang='lat' dir='ltr'>marg.</span> <span class='ocrx_word' id='word_1_275' title='bbox 1050 4195 1095 4238; x_wconf 84' lang='lat' dir='ltr'>alia</span> <span class='ocrx_word' id='word_1_276' title='bbox 1110 4207 1189 4239; x_wconf 83' lang='lat' dir='ltr'>mann.</span> 
     </span>
     <span class='ocr_line' id='line_1_37' title="bbox 193 4263 1187 4324; baseline -0.005 -13"><span class='ocrx_word' id='word_1_277' title='bbox 193 4267 224 4311; x_wconf 69' lang='lat' dir='ltr'>th.</span> <span class='ocrx_word' id='word_1_278' title='bbox 243 4268 274 4311; x_wconf 88' lang='lat' dir='ltr'>ll:</span> <span class='ocrx_word' id='word_1_279' title='bbox 296 4268 360 4324; x_wconf 72' lang='lat' dir='ltr'>quod</span> <span class='ocrx_word' id='word_1_280' title='bbox 380 4268 433 4311; x_wconf 80' lang='lat' dir='ltr'>ianr.</span> <span class='ocrx_word' id='word_1_281' title='bbox 521 4268 552 4311; x_wconf 75' lang='lat' dir='ltr'>rh.</span> <span class='ocrx_word' id='word_1_282' title='bbox 576 4267 605 4311; x_wconf 80' lang='lat' dir='ltr'>ll:</span> <span class='ocrx_word' id='word_1_283' title='bbox 628 4267 761 4311; x_wconf 78' lang='lat' dir='ltr'>abhomina.</span> <span class='ocrx_word' id='word_1_284' title='bbox 849 4279 879 4310; x_wconf 78' lang='lat' dir='ltr'>ar.</span> <span class='ocrx_word' id='word_1_285' title='bbox 902 4265 933 4308; x_wconf 86' lang='lat' dir='ltr'>D:</span> <span class='ocrx_word' id='word_1_286' title='bbox 956 4265 1057 4308; x_wconf 75' lang='lat' dir='ltr'>videndo</span> <span class='ocrx_word' id='word_1_287' title='bbox 1076 4263 1187 4317; x_wconf 78' lang='lat' dir='ltr'>fideliter.</span> 
     </span>
     <span class='ocr_line' id='line_1_38' title="bbox 193 4335 1187 4394; baseline -0.004 -13"><span class='ocrx_word' id='word_1_288' title='bbox 193 4349 229 4388; x_wconf 80' lang='lat' dir='ltr'>ss.</span> <span class='ocrx_word' id='word_1_289' title='bbox 246 4339 277 4380; x_wconf 87' lang='lat' dir='ltr'>lt:</span> <span class='ocrx_word' id='word_1_290' title='bbox 293 4338 342 4382; x_wconf 78' lang='lat' dir='ltr'>Sed</span> <span class='ocrx_word' id='word_1_291' title='bbox 354 4338 471 4394; x_wconf 72' lang='lat' dir='ltr'>quomodo</span> <span class='ocrx_word' id='word_1_292' title='bbox 486 4343 555 4388; x_wconf 80' lang='lat' dir='ltr'>tunc:</span> <span class='ocrx_word' id='word_1_293' title='bbox 573 4338 627 4382; x_wconf 80' lang='lat' dir='ltr'>att:</span> <span class='ocrx_word' id='word_1_294' title='bbox 642 4349 702 4393; x_wconf 75' lang='lat' dir='ltr'>qaus</span> <span class='ocrx_word' id='word_1_295' title='bbox 715 4342 779 4381; x_wconf 76' lang='lat' dir='ltr'>ante.</span> <span class='ocrx_word' id='word_1_296' title='bbox 834 4336 866 4381; x_wconf 79' lang='lat'>25.</span> <span class='ocrx_word' id='word_1_297' title='bbox 881 4335 955 4380; x_wconf 73' lang='lat' dir='ltr'>Alte:</span> <span class='ocrx_word' id='word_1_298' title='bbox 976 4335 1047 4377; x_wconf 83' lang='lat' dir='ltr'>caris.</span> <span class='ocrx_word' id='word_1_299' title='bbox 1104 4347 1138 4390; x_wconf 61' lang='lat' dir='ltr'>aar.</span> <span class='ocrx_word' id='word_1_300' title='bbox 1156 4335 1187 4378; x_wconf 84' lang='lat' dir='ltr'>lt:</span> 
     </span>
     <span class='ocr_line' id='line_1_39' title="bbox 191 4406 787 4464; baseline -0.002 -15"><span class='ocrx_word' id='word_1_301' title='bbox 191 4408 348 4451; x_wconf 77' lang='lat' dir='ltr'>sacerdotalis</span> <span class='ocrx_word' id='word_1_302' title='bbox 360 4409 478 4464; x_wconf 66' lang='lat' dir='ltr'>dignitus.</span> <span class='ocrx_word' id='word_1_303' title='bbox 534 4406 569 4450; x_wconf 71' lang='lat' dir='ltr'>ln.</span> <span class='ocrx_word' id='word_1_304' title='bbox 587 4407 619 4451; x_wconf 80' lang='lat' dir='ltr'>ll:</span> <span class='ocrx_word' id='word_1_305' title='bbox 635 4407 700 4464; x_wconf 73' lang='lat' dir='ltr'>qnod</span> <span class='ocrx_word' id='word_1_306' title='bbox 713 4408 787 4451; x_wconf 84' lang='lat' dir='ltr'>deest.</span> 
     </span>
    </p>
   </div>
   <div class='ocr_carea' id='block_1_7' title="bbox 0 0 1528 4920">
    <p class='ocr_par' dir='ltr' id='par_1_7' title="bbox 0 0 1528 4920">
     <span class='ocr_line' id='line_1_40' title="bbox 0 0 1528 4920; baseline 0 3"><span class='ocrx_word' id='word_1_307' title='bbox 0 0 1528 4920; x_wconf 95' lang='lat' dir='ltr'> </span> 
     </span>
    </p>
   </div>
  </div>
 </body>
</html>
