3046 4920
218 444 287 493 cna.
300 431 355 522 m]
559 454 606 505 ua
625 450 872 505 aucuantsrta.

217 610 275 692 qui
298 625 436 693 possunt
452 628 521 673 esse
538 608 646 672 anime
671 607 813 669 humane
836 621 867 668 et
889 606 1040 668 omnibus
1065 607 1208 668 acciden-

217 711 303 777 tibus
327 713 484 777 absolutis
501 711 666 794 corporeis
682 708 761 795 (que
776 724 851 774 sunt
867 711 898 773 in
915 710 1008 772 Petro
1025 725 1056 773 et
1073 708 1209 794 Martha)

217 817 340 903 optime
376 815 644 900 complexionatis
676 815 912 880 constituantur
945 816 1011 877 duo
1044 815 1210 898 supposita

217 924 375 987 subducta
404 921 437 984 in
466 920 511 983 eis
539 920 630 982 omni
666 920 822 983 materiali
854 921 1035 984 substancia
1063 933 1095 981 et
1121 920 1208 1002 quod

193 1026 277 1091 §ista
313 1047 377 1111 que
409 1039 487 1087 sunt
511 1031 539 1087 A
563 1038 595 1087 et
626 1024 650 1087 Β
679 1040 813 1108 peccent
847 1023 1100 1107 dampnabiliter,
1137 1043 1209 1107 pro·

218 1132 358 1194 creando
381 1129 521 1192 Paulum
556 1128 777 1212 compositum
811 1149 848 1192 ex
874 1148 1008 1213 corpore
1036 1142 1065 1192 et
1092 1128 1208 1208 anima,

219 1236 259 1298 de
287 1253 356 1319 quo
380 1233 482 1296 Paulo
511 1231 679 1297 verificant
711 1233 993 1318 consequenciam;
1026 1253 1100 1296 nam
1127 1236 1209 1296 sicut

220 1345 248 1403 A
271 1353 303 1401 et
328 1338 353 1400 B
377 1338 597 1402 mediantibus
620 1338 784 1423 aliquibus
807 1337 872 1401 suis
900 1338 1116 1401 accidentibus
1138 1356 1208 1400 cor·

218 1442 324 1527 porcis
348 1456 486 1524 possunt
500 1443 629 1527 operari
646 1462 728 1527 eque
745 1441 913 1506 efficaciter
928 1456 960 1506 et
974 1442 1048 1505 satis
1063 1442 1209 1520 univoce,

176 1561 256 1611 tout
271 1559 359 1629 patet
376 1547 416 1609 de
432 1547 588 1630 operibus
608 1546 769 1611 nutritiris
786 1560 817 1610 et
833 1546 1004 1609 sensitivis:
1027 1547 1070 1610 ita
1088 1545 1210 1609 videtur

219 1651 258 1713 de
281 1650 470 1713 accionibus
503 1650 735 1733 generationis,
768 1665 799 1713 et
822 1669 878 1734 per
900 1670 1099 1734 consequens
1126 1649 1209 1713 sicut

219 1759 247 1817 A
264 1754 337 1817 etB
362 1754 483 1818 habent
506 1753 690 1838 potenciam
715 1755 866 1837 gignendi
890 1770 920 1817 et
943 1755 1032 1818 aliter
1055 1754 1207 1837 operandi

218 1859 400 1922 secundum
435 1878 649 1943 quascunque
687 1859 857 1942 qualitates
891 1878 969 1943 quas
1004 1860 1130 1937 babent,
1164 1861 1207 1921 sic

219 1980 360 2046 possunt
394 1983 463 2026 esse
498 1979 649 2046 parentes
682 1977 714 2027 et
745 1964 898 2046 coniuges
932 1964 1097 2026 hominem
1134 1984 1206 2046 pro-

177 2080 372 2134 sscreantes.
397 2067 440 2130 Et
460 2082 549 2149 patet
572 2087 649 2130 cum
674 2086 748 2130 casu
772 2067 875 2152 prima
892 2088 964 2151 pars
980 2068 1208 2148 conclusionis3

218 2185 250 2234 et
271 2171 413 2234 secunda
437 2192 508 2254 pars
531 2172 687 2254 probatur
709 2192 766 2255 per
790 2173 850 2236 hoc
873 2173 960 2256 quod
985 2193 1042 2236 nec
1065 2179 1093 2235 A
1111 2173 1208 2236 necB

218 2289 267 2338 est
296 2275 480 2338 substancia
512 2276 655 2339 animata
691 2276 850 2339 sensibilis
881 2276 955 2361 quia
984 2297 1049 2340 non
1077 2297 1207 2360 corpus,

218 2398 331 2462 ymmo
360 2380 428 2462 pari
458 2379 622 2442 evidencia
646 2401 710 2465 qua
735 2381 815 2446 foret
838 2381 1016 2445 substancia
1041 2381 1121 2446 foret
1142 2397 1207 2444 tam

217 2483 379 2567 quantitas
403 2504 504 2569 quam
526 2485 681 2569 qualitas;
705 2501 739 2549 et
762 2501 849 2568 patet
872 2487 966 2549 tercia
990 2507 1061 2570 pars
1078 2507 1116 2550 ex
1131 2507 1207 2550 casu

172 2623 208 2658 20
218 2608 293 2651 cum
309 2603 375 2651 tam
392 2594 422 2651 A
438 2608 537 2673 quam
555 2590 578 2652 B
595 2604 705 2672 potest
720 2611 862 2654 exercere
879 2610 989 2654 omnes
1004 2592 1208 2674 operaciones

216 2706 283 2756 tam
314 2693 480 2776 organicas
512 2714 610 2778 quarn
641 2714 706 2757 non
739 2697 913 2779 organicas.
947 2697 987 2759 Et
1015 2711 1100 2778 patet
1126 2717 1207 2780 quo·

218 2799 318 2860 modo
352 2813 420 2860 tam
454 2797 555 2861 virtus
588 2819 689 2883 quam
723 2800 841 2863 vicium
873 2813 978 2883 potest
1010 2801 1112 2864 inesse
1148 2802 1208 2863 illis

217 2901 393 2984 spiritibus,
428 2918 459 2965 et
491 2902 536 2966 sic
569 2919 634 2966 tam
666 2910 815 2988 Aquam
846 2904 870 2967 Β
897 2918 1006 2987 potest
1039 2907 1207 2988 dampnari

217 3021 387 3089 perpetuo,
413 3027 490 3070 cum
514 3008 610 3071 habet
637 3009 821 3071 libertatem
847 3007 1050 3073 flexibilitatis
1077 3010 1208 3086 arbitrii,

172 3131 206 3184 25
217 3109 299 3174 sicut
315 3112 448 3194 ponitur
464 3114 504 3173 de
522 3114 637 3177 inesse.
662 3113 782 3177 Ultima
807 3133 881 3176 vero
904 3114 1057 3196 particula
1080 3115 1207 3178 videtur

218 3235 275 3297 per
297 3215 373 3295 hoc,
406 3217 495 3299 quod
529 3237 588 3280 nec
612 3224 640 3280 A
665 3237 723 3279 nec
748 3218 772 3280 B
796 3232 902 3300 potest
932 3237 999 3281 esse
1030 3220 1206 3282 animatum

217 3320 284 3382 sive
300 3339 507 3402 corporeum,
524 3320 600 3404 quia
617 3336 695 3383 tunc
713 3321 794 3385 loret
816 3321 918 3384 aliene
942 3337 1051 3385 nature
1075 3324 1208 3386 omnino

215 3445 234 3485 a
258 3439 374 3487 natura
398 3425 490 3487 cuius
514 3440 562 3488 est
587 3427 734 3490 materia.

260 3528 306 3590 Ex
329 3547 397 3612 quo
421 3529 550 3593 videtur
573 3550 645 3593 cum
671 3546 823 3594 neutrum
847 3531 982 3595 istorum
1011 3545 1207 3614 potestesse

170 3631 283 3709 30sine
306 3633 484 3714 accidente,
508 3654 585 3697 cum
601 3648 679 3698 tunc
697 3634 779 3700 soret
795 3656 894 3719 purus
909 3635 1040 3720 spiritus
1063 3636 1207 3699 acciden-

215 3750 309 3817 tatus,
334 3738 423 3821 quod
449 3752 557 3802 totum
580 3740 728 3803 accidens
744 3742 785 3804 sit
800 3741 967 3805 essenciale
987 3742 1114 3825 utrique
1129 3762 1206 3824 sup-

214 3842 330 3924 posito,
355 3856 387 3905 et
410 3863 467 3927 per
489 3863 692 3927 consequens
721 3865 798 3908 cum
825 3867 921 3908 omne
945 3867 1040 3928 agens
1064 3847 1206 3909 naturale

215 3945 246 4007 in
262 3948 390 4029 agendo
416 3948 583 4031 repatitur‚
608 3949 736 4013 videtur
757 3951 846 4033 quod
868 3970 924 4013 nec
942 3957 970 4013 A
985 3971 1042 4014 nec
1061 3950 1084 4012 B
1102 3965 1207 4032 potest

267 4133 325 4179 ull:
342 4135 494 4179 (nomnibus.
543 4134 733 4181 abnecando.
781 4137 992 4189 4.AB:sabdr'cta.
1040 4137 1206 4193 7.8.ll:nnm

213 4205 287 4247 ss'eA.
342 4204 513 4250 sumtum.
570 4219 597 4262 rr,
613 4218 643 4251 ra.
660 4206 689 4250 B:
704 4208 738 4251 sic
752 4207 779 4252 A.
835 4208 1205 4264 rzAllltlitpotencr'arndeest3

214 4272 271 4318 Cin
287 4287 361 4331 marg.
376 4275 450 4319 addit.
520 4276 549 4331 13,
568 4289 600 4330 ra.
617 4277 650 4321 D:
670 4278 730 4320 sr'cn!
741 4283 847 4334 possunt.
915 4278 947 4321 ¹6.
962 4278 993 4322 C:
1014 4279 1168 4322 conclusionis
1182 4280 1205 4322 in

214 4356 287 4401 marg.
303 4345 347 4389 alia
363 4358 443 4390 manu.
491 4345 565 4402 inu:
581 4345 756 4404 Elbocpatet.
802 4348 1022 4406 rohaennam.
1068 4348 1207 4403 Μαίη

214 4414 286 4457 deest.
341 4416 376 4458 all.
392 4413 424 4459 C:
443 4421 479 4459 est
491 4417 568 4459 modo.
585 4417 627 4460 Er.
684 4415 713 4460 lt.
730 4417 759 4461 E:
773 4417 812 4473 fir.
