3046 4920
206 461 275 506 can.
290 445 322 537 ι]
553 466 600 517 nr.
619 464 864 517 nucustusrttt.

250 624 313 687 Sed
341 624 392 687 hic
422 622 657 707 respondemus
687 642 744 705 per
770 621 1012 685 distinccionem
1039 621 1127 705 quod
1156 634 1203 682 est

207 728 281 790 dare
299 729 465 812 duplicem
488 726 662 804 visionem,
687 728 850 810 duplicem
873 747 963 789 esum
987 739 1017 788 et
1039 725 1202 807 duplicem

207 833 446 916 sumpcionem,
477 831 599 895 scilicet
629 832 832 915 corporalem
862 847 893 894 et
924 829 1138 913 spiritualem;
1172 844 1203 891 et

207 937 251 999 sic
267 937 479 1001 concedimus
496 939 587 1020 quod
612 958 678 999 non
702 936 848 1000 videmus
871 936 904 999 in
928 948 1127 997 sacramento
1147 934 1203 997 illo

181 1048 326 1124 §corpus
359 1040 482 1105 Christi
517 1043 617 1105 oculo
651 1041 810 1126 corporali
842 1043 897 1103 sed
929 1040 1027 1103 oculo
1061 1039 1200 1114 mentali,

206 1146 327 1209 scilicet
343 1144 406 1209 fide
422 1167 481 1230 per
496 1148 667 1231 speculum
684 1147 716 1209 in
731 1146 900 1229 enigmate.
925 1146 965 1208 Et
986 1145 1068 1208 sicut
1082 1165 1201 1228 ymago

206 1266 254 1313 est
285 1251 408 1336 integra
440 1253 483 1315 ad
515 1272 649 1316 omnem
683 1265 842 1334 punctum
874 1249 1005 1333 speculi,
1037 1249 1081 1312 sic
1113 1251 1201 1334 quod

206 1356 304 1418 videri
328 1371 438 1440 potest
461 1357 512 1421 vel
536 1356 717 1420 secundum
739 1369 864 1438 partem
882 1355 931 1416 vel
954 1367 1061 1417 totum
1084 1355 1124 1416 ab
1145 1355 1200 1418 ali-

205 1481 272 1545 quo
295 1463 394 1526 oculo
418 1461 581 1544 corporali
605 1459 721 1523 alicubi
744 1458 867 1543 posito:
891 1459 936 1522 sic
959 1459 1201 1542 intelligendum

162 1580 254 1630 mest
276 1567 310 1628 in
333 1582 423 1650 parte
450 1566 493 1629 de
516 1584 653 1649 corpore
677 1563 796 1627 Christi
823 1566 857 1625 in
883 1563 989 1627 hostia
1017 1579 1200 1628 consecrata

205 1685 241 1734 ut
255 1672 401 1753 speculo.
420 1671 462 1734 Et
477 1670 596 1733 eodem
612 1669 715 1732 modo
728 1668 845 1732 dicitur
856 1670 944 1753 quod
962 1689 1027 1731 non
1040 1668 1201 1751 tangimus

205 1775 253 1837 vel
277 1773 424 1857 capimus
448 1793 570 1856 corpus
592 1772 711 1838 Christi
736 1787 822 1837 tactu
846 1793 1012 1856 corporeo,
1035 1773 1119 1836 sicut
1142 1793 1200 1836 nec

204 1878 414 1961 corporaliter
446 1879 555 1963 ipsum
594 1878 807 1942 comedimus.
846 1878 886 1940 Et
918 1878 977 1941 iste
1008 1892 1057 1940 est
1087 1898 1200 1941 sensus

204 1998 317 2047 cantus
341 1983 474 2047 ecclesie
498 2003 565 2068 quo
590 1983 720 2047 dicitur:

163 2096 192 2148 15
406 2088 502 2164 Quod
526 2107 589 2150 non
615 2089 716 2171 capis,
739 2087 825 2171 quod
848 2106 912 2150 non
935 2087 1021 2150 vides

446 2193 606 2256 Animosa
618 2193 741 2276 firmat
750 2192 840 2276 fides

403 2298 519 2360 Preter
541 2317 655 2360 rerum
679 2297 836 2360 ordinem.

248 2403 315 2465 Nec
338 2401 537 2465 conterimus
561 2422 681 2484 corpus
704 2399 822 2463 Christi
849 2401 998 2464 dentibus
1025 2402 1080 2463 sed
1108 2401 1197 2484 spiri·

203 2507 330 2570 tualiter
353 2506 515 2589 integrum
540 2506 651 2590 ipsum
665 2504 851 2588 accipimus.
876 2506 917 2568 Et
932 2506 975 2568 sic
992 2505 1198 2589 intelligimus

159 2610 302 2674 mistum
327 2625 460 2674 cantum
484 2630 553 2695 quo
577 2610 729 2673 dicimus:

436 2715 541 2778 Nullo
564 2717 615 2779 rei
625 2716 671 2799 stt
691 2717 851 2791 scissura,

481 2821 578 2906 Signi
600 2831 724 2883 tantum
737 2821 783 2904 fit
797 2819 958 2905 fractura

439 2926 513 3002 Qua
538 2945 598 2989 nec
619 2936 724 2988 status
748 2945 807 2988 nec
827 2936 956 2989 statura

480 3032 612 3116 Signati
634 3032 803 3094 minuitur.

155 3146 188 3198 25
245 3136 307 3200 Sed
332 3137 384 3199 hic
407 3136 555 3200 obiciunt
578 3135 713 3219 quidam
733 3137 772 3198 de
796 3135 913 3197 nostris
937 3136 1025 3218 quod
1047 3136 1107 3197 ista
1131 3154 1195 3197 non
1226 3148 1394 3245 tnffiprbtpm

201 3256 277 3304 sunt
304 3242 441 3304 dicenda
468 3242 570 3325 laycis
594 3241 650 3324 qui
675 3260 731 3303 nec
755 3241 823 3323 ipsa
846 3240 1034 3323 concipiunt
1057 3259 1114 3302 nec
1137 3241 1195 3302 ob·
1211 3251 1347 3351 'app-ppt&
1356 3263 1410 3350 §ipre

200 3360 337 3425 servant,
365 3367 441 3410 cum
466 3366 504 3410 ex
529 3346 597 3408 istis
622 3345 720 3408 fidem
743 3345 883 3428 priorem
905 3345 1098 3409 amitterent.
1132 3343 1196 3408 Sed
1213 3355 1405 3455 hkjtalffipptgprrpn

201 3450 299 3513 nichil
332 3451 464 3515 obiecto
493 3452 556 3514 isto
586 3450 745 3531 insanius;
779 3471 854 3513 nam
885 3466 951 3513 tam
983 3449 1063 3534 layci
1097 3471 1195 3535 quant

201 3556 304 3618 clerici
345 3556 442 3618 nimis
479 3555 576 3619 multi
617 3571 693 3619 sunt
730 3570 857 3618 tantum
891 3553 1035 3619 infideles
1070 3556 1102 3617 in
1136 3555 1196 3618 ista

153 3662 331 3723 somateria
359 3661 451 3744 quod
479 3662 617 3724 credunt
644 3661 775 3744 paganis
804 3661 941 3724 deterius
969 3661 1059 3743 quod
1092 3660 1195 3723 hostis

254 3946 270 3978 r.
286 3933 318 3977 ll:
335 3946 382 3990 per
395 3933 540 3978 divisionem.
595 3932 615 3978 5.
630 3933 663 3977 ll:
678 3934 747 3978 oculo
761 3933 860 3977 carnali.
914 3945 936 3988 9.
953 3932 984 3977 C:
1000 3935 1068 3976 ocnln
1082 3933 1105 3977 in
1121 3946 1194 3990 marg.

199 4005 338 4048 allamanu.
386 4003 583 4059 rallscorpore.
631 4004 663 4047 tti.
674 4003 727 4047 AE:
742 4004 858 4047 animosis.
901 4002 1196 4059 inenorpnstnmarg.

198 4075 245 4118 alia
260 4085 338 4117 mann.
394 4073 427 4117 ss.
443 4071 518 4117 ABC:
540 4074 578 4116 hic
591 4072 669 4127 deest;
689 4073 720 4116 ib.
736 4073 809 4118 ABC:
829 4074 927 4129 quidem.
982 4076 1017 4116 28.
1033 4073 1083 4117 DE:
1099 4075 1195 4118 obiectu.

198 4157 237 4201 ²9·
253 4142 283 4187 E:
298 4142 368 4186 nimis
383 4143 461 4195 deest;
476 4142 510 4185 ll:
526 4143 597 4186 r'ntcr.

256 4338 277 4371 r.
291 4320 331 4370 Cf.
344 4321 476 4371 iohannis
490 4323 556 4383 llus,
571 4322 609 4371 lle
624 4322 740 4387 Corpore
753 4320 859 4383 Christi,
873 4322 942 4387 (lpp.
956 4334 1020 4371 tom.
1035 4320 1052 4383 l,
1067 4320 1111 4370 sol.
1129 4326 1195 4386 ¹7⁴¹·

201 4409 241 4461 15.
266 4409 359 4459 llanicl
378 4409 396 4459 l.
415 4425 438 4460 c.
