3046 4920
210 485 279 532 car.
294 470 337 561 r]
553 492 596 541 na
617 488 859 540 aucrraarsrra.

209 670 308 733 quarn
347 649 457 713 fictum
491 648 626 732 ydolum
659 645 840 709 accidentis.
877 646 993 708 Vident
1026 648 1124 709 eciam
1160 669 1197 708 ex

209 769 297 819 textu
315 755 404 818 Pauli
421 769 451 817 et
470 755 565 832 Luce,
591 752 646 813 ubi
664 751 696 813 in
715 750 774 813 ista
797 753 910 814 eadem
932 751 1063 814 nratcria
1086 752 1197 814 dicunt

208 860 339 924 calicem
362 879 430 922 esse
454 877 575 920 novum
593 868 821 919 testamentum
838 858 925 939 quod
942 871 1069 938 oportet
1085 877 1197 918 omnes
1261 871 1265 880 ·

208 965 381 1029 concedere
419 963 507 1025 illam
541 960 802 1044 propositionem
835 981 903 1023 esse
939 961 1095 1043 tropicam
1129 961 1197 1023 sine

183 1069 343 1133 §falsitate
370 1068 421 1130 vel
450 1068 562 1129 heresi.
596 1067 662 1129 Nec
694 1067 799 1129 sciunt
829 1066 924 1129 istam
956 1064 1197 1131 ordinacionem

208 1173 347 1257 Spiritus
371 1170 478 1234 Sancti
503 1172 649 1254 detegere
672 1171 751 1254 quin
776 1191 832 1254 per
855 1171 940 1233 idern
963 1172 1023 1233 alie
1047 1170 1194 1254 proposi·

207 1277 316 1341 cinnes
339 1277 584 1338 sacramentales
608 1289 682 1338 sunt
705 1275 826 1359 tropice
850 1275 956 1337 modis
979 1274 1054 1338 suis.

250 1382 313 1445 Sed
342 1378 477 1443 finaliter
504 1380 650 1464 arguitur
678 1381 768 1463 sequi
799 1400 836 1442 ex
859 1380 950 1443 dictis
973 1381 1060 1463 quod
1084 1400 1195 1443 omnes
1219 1397 1405 1459 ritualium

207 1485 408 1570 pertinaciter
437 1483 644 1547 defendentes
671 1485 866 1548 sentenciam
894 1499 1122 1568 contraquam
1149 1506 1195 1547 ar·
1224 1452 1397 1548 l'lr'lliillloe

166 1591 316 1675 roguitur
334 1589 441 1652 forent
456 1589 596 1669 heretici,
621 1605 741 1652 etcum
759 1591 931 1673 permulta
949 1604 1094 1673 tempora
1111 1610 1194 1673 papa
1241 1558 1374 1654 ''iiiioiid

205 1709 237 1758 et
258 1694 351 1777 quasi
375 1708 443 1756 tota
467 1693 598 1756 ecclesia
621 1709 652 1757 et
674 1694 852 1777 specialiter
867 1694 952 1758 scola
967 1695 1194 1777 theologorum

205 1813 237 1862 ct
259 1799 402 1882 capitula
425 1798 646 1883 religiosorum
676 1812 859 1862 constanter
885 1798 1026 1862 delendit
1054 1800 1132 1863 illud
1161 1813 1195 1862 ut

204 1903 379 1967 articulum
411 1901 485 1966 fidei
519 1902 571 1988 (ut
603 1918 690 1987 patet
722 1924 759 1966 ex
792 1904 915 1986 scriptis
947 1904 1038 1967 editis
1072 1904 1104 1965 in
1134 1904 1195 1967 ista

205 2005 365 2094 materia),
397 2009 543 2092 sequitur
571 2010 658 2092 quod
691 2029 804 2072 omnes
837 2009 882 2071 illi
914 2010 1019 2073 forent
1055 2008 1194 2090 heretici,

111 2135 115 2141 ·
165 2115 295 2197 rsqund
320 2113 402 2177 foret
426 2113 631 2176 temerarium
655 2114 821 2178 sustinere.

247 2218 310 2281 Hic
334 2218 449 2281 dicitur
471 2219 561 2301 quod
587 2218 679 2281 multi
703 2233 778 2281 sunt
794 2218 933 2296 heretici,
958 2216 1055 2301 aliqui
1073 2217 1193 2299 cogniti
1226 2241 1247 2283 a
1264 2252 1318 2283 inan
1334 2252 1388 2297 may

204 2335 235 2386 et
263 2322 363 2406 aliqui
396 2322 509 2406 ignoti,
538 2343 653 2386 omnes
681 2322 767 2385 enim
795 2322 922 2405 presciti
950 2336 1024 2384 sunt
1055 2322 1194 2402 heretici,
1256 2292 1363 2389 iiss'r'iriiii

203 2429 259 2491 sed
283 2426 381 2512 aliqui
408 2444 482 2490 sunt
506 2428 635 2490 heretici
659 2428 691 2489 in
715 2442 788 2490 actu
813 2443 844 2491 et
861 2427 911 2489 alii
928 2428 959 2489 in
976 2427 1097 2506 habitu,
1121 2429 1193 2490 licet
1204 2409 1301 2505 llilll
1313 2398 1413 2494 iiiiii?

204 2532 268 2596 sint
291 2534 325 2595 in
347 2531 454 2617 gracia
477 2534 654 2594 secundum
679 2548 862 2615 presentem
885 2531 1052 2596 iusticiam.
1083 2531 1192 2616 Aliqui

161 2639 305 2700 20eciam
329 2651 406 2701 sunt
428 2636 556 2699 heretici
581 2638 619 2699 ad
644 2651 771 2720 tempus
795 2637 899 2699 solum
923 2637 1099 2699 secundum
1123 2657 1191 2714 pre·

204 2756 330 2805 sentem
353 2742 511 2804 iusticiam
537 2755 572 2804 ut
595 2741 799 2826 predestinati
823 2740 856 2803 in
880 2741 1017 2819 mortali,
1042 2755 1072 2803 et
1093 2741 1137 2804 sic
1153 2743 1193 2803 de

204 2848 315 2910 multis
353 2846 565 2909 divisionibus
597 2866 672 2909 cum
706 2847 772 2909 suis
804 2846 1080 2909 declaracionibut
1112 2866 1192 2930 quas

204 2953 255 3015 hic
272 2972 435 3036 suppono,
457 2953 512 3014 sed
530 2967 645 3015 notum
663 2954 813 3035 estquod
831 2965 893 3014 stat
908 2952 1028 3014 multos
1045 2951 1191 3013 homines

203 3072 311 3121 tenere
340 3057 536 3120 sentenciam
561 3057 731 3120 hereticam
757 3056 825 3119 sine
849 3057 910 3119 hoc
933 3058 1022 3139 quod
1045 3055 1105 3141 ipsi
1129 3056 1191 3119 sint

161 3173 282 3225 astunc
305 3161 445 3242 heretici,
469 3163 545 3245 quia
568 3163 661 3225 multi
685 3163 846 3245 opinative
863 3162 912 3225 vel
930 3161 1192 3225 condicionaliter

203 3282 313 3331 tenent
337 3267 453 3331 multas
476 3268 654 3330 sentencias
677 3268 775 3350 parati
800 3269 838 3329 ad
864 3268 1079 3330 revocandum
1096 3267 1191 3329 docto

204 3373 373 3456 opposito;
400 3386 432 3434 ct
463 3388 584 3435 certum
609 3385 656 3434 est
678 3373 767 3456 quod
792 3373 870 3435 nulli
894 3374 970 3436 tales
993 3386 1067 3435 sunt
1090 3385 1126 3435 ut
1147 3372 1192 3433 sic

204 3479 345 3558 heretici,
377 3479 451 3562 quia
485 3494 561 3541 tunc
586 3481 707 3542 Ductor
730 3479 922 3542 Communis
956 3478 1065 3542 luisset
1097 3477 1191 3539 nimis

204 3584 315 3646 crebro
332 3584 498 3647 hereticus.
526 3584 620 3648 Unde
637 3584 761 3647 videtur
778 3586 866 3667 quod
883 3584 926 3646 illi
943 3574 1264 3665 dogmatisantes'*

161 3697 193 3747 30
204 3688 258 3772 qui
288 3688 508 3752 deficientibus
536 3691 733 3772 argumentis
762 3688 924 3751 delamant
953 3688 1189 3750 universitatem

204 3794 235 3854 in
262 3795 383 3877 vulgari
409 3811 539 3876 propter
562 3795 645 3857 dicta
669 3795 834 3857 scolastica
857 3808 888 3858 et
911 3809 1093 3856 sanctorum
1122 3813 1190 3854 sen·

205 3899 324 3961 teucias
352 3900 414 3960 sint
447 3899 573 3981 publice
606 3901 774 3982 puniendi;
811 3902 870 3962 hoc
903 3915 1008 3962 antem
1034 3912 1190 3980 optarem,

256 4105 278 4148 8.
294 4103 324 4147 E:
345 4104 437 4147 videtur
449 4106 528 4160 seqrrr',·
547 4105 578 4148 ib.
595 4104 626 4147 l).-
646 4118 675 4148 ex
689 4107 746 4149 r'slr‘s.
806 4119 837 4150 ιο.
854 4108 883 4150 ll:
903 4112 925 4149 r!
938 4108 1006 4163 quod.
1061 4119 1142 4151 ro-rn.
1158 4108 1189 4151 C:

201 4186 266 4230 papa
281 4197 306 4205 -
321 4174 489 4231 religiosorum
508 4176 531 4218 in
552 4176 655 4218 infcriori
676 4189 747 4230 marg.
768 4178 812 4219 nlla
832 4190 910 4220 mauu.
986 4190 1017 4229 tt.
1033 4178 1082 4228 r'llr',·
1101 4178 1130 4220 ll:
1150 4177 1190 4220 ibi.

205 4257 235 4300 ¹7·
251 4244 306 4288 AC:
322 4245 408 4288 etalii.
465 4246 495 4289 18.
511 4245 541 4289 E:
556 4251 579 4289 el
593 4247 663 4290 dccst.
723 4258 756 4290 ro.
773 4248 848 4291 auu:
864 4248 937 4291 solnm
951 4248 1027 4300 dorsu
1043 4247 1062 4292 t:
1077 4249 1099 4291 in
1116 4261 1189 4303 marg.

205 4314 277 4358 addit.
333 4326 369 4368 ²4·
384 4315 415 4358 E:
433 4319 494 4359 sant.
550 4316 584 4360 28.
601 4317 632 4360 u:
646 4314 723 4372 ficret.

259 4442 299 4490 28.
319 4442 415 4492 Doctor
434 4443 598 4505 Communis,
619 4444 635 4491 i.
654 4459 676 4492 c.
696 4443 815 4492 Thomas
835 4445 959 4509 Aquinas.
