3046 4920
619 425 894 476 lN'l‘nonttc'l'tox.
1353 427 1397 474 ll·

89 617 247 664 naturam
278 618 309 665 et
340 603 554 666 substanciam
590 619 783 680 corpoream
818 614 848 660 et
889 600 1064 661 saturnium
1108 601 1173 661 eius
1218 600 1397 661 naturalem

93 708 305 769 existentiam
330 709 464 770 eandem
490 705 620 786 penitus
645 708 676 764 in
701 719 812 765 natura
836 723 933 786 quam
951 705 1087 785 sumpsit
1105 706 1143 766 de
1159 705 1279 786 virgine
1296 704 1396 766 Maria

91 827 126 873 et
152 815 332 875 secundum
356 832 456 895 quam
480 809 596 871 residet
619 810 650 870 in
676 810 744 871 telo
779 808 809 870 in
842 811 967 871 dextera
995 810 1104 891 Patris,
1139 810 1186 870 tui
1216 809 1247 870 in
1281 810 1396 869 eodem

88 933 298 980 sacramento
323 917 427 978 honor
451 915 569 996 tultus,
603 915 825 995 genuflexione
858 915 1060 991 adoratione,
1093 915 1253 975 luminum
1286 934 1396 976 atten-

88 1022 187 1085 sione
211 1038 242 1085 et
264 1022 398 1084 aliarum
425 1021 672 1083 venerationum
697 1020 896 1082 exhibicione
913 1021 1007 1082 debet
1034 1018 1180 1080 exhiberi.

200 1127 227 1190 lt
251 1129 276 1189 is
300 1127 389 1210 quite
412 1128 495 1189 clear
520 1126 588 1189 that
612 1126 664 1188 the
689 1127 814 1209 quarrel
839 1126 981 1186 between
1003 1124 1056 1186 the
1074 1123 1245 1186 Calixtines
1262 1125 1323 1184 and
1341 1124 1395 1186 the

87 1230 267 1293 Taborites
299 1231 324 1292 is
357 1231 527 1314 especially
560 1251 602 1292 on
635 1245 771 1292 account
805 1231 842 1293 of
873 1228 926 1291 the
959 1230 1101 1291 doctrine
1133 1229 1170 1290 oi
1201 1228 1254 1290 the
1280 1227 1394 1291 Lord’s

86 1336 231 1418 Suppet,
256 1337 348 1400 wlich
374 1338 427 1400 the
450 1339 544 1400 latter
559 1336 738 1417 absolutely
756 1334 881 1396 refused
900 1348 933 1396 to
949 1335 1106 1395 abendon.
1132 1340 1174 1395 At
1192 1333 1245 1394 the
1266 1334 1394 1415 general

86 1442 197 1522 synod
221 1439 259 1503 ol
280 1441 400 1519 Prague
423 1439 549 1526 (1444),
575 1439 648 1521 they
673 1440 774 1500 stated
799 1440 881 1501 their
903 1440 1044 1520 position
1069 1459 1102 1499 as
1127 1437 1268 1500 follows:

196 1545 238 1608 Et
262 1545 335 1609 ideo
358 1545 571 1607 necessarium
606 1559 652 1604 est
685 1543 764 1603 cirta
797 1543 858 1605 hoc
891 1540 1156 1626 (sacramentum)
1191 1545 1393 1625 evangelium

86 1649 234 1712 maxime
257 1652 421 1712 attendere
438 1649 552 1711 eteius
570 1668 679 1710 verum
698 1667 830 1709 sensum
848 1649 977 1710 scrutari
996 1649 1217 1710 seductionem
1245 1650 1393 1711 callidam

84 1755 212 1817 diaboli
252 1755 283 1816 in
316 1756 377 1818 hoc
411 1773 618 1836 summopere
663 1754 863 1833 declinando,
901 1754 974 1837 quia
1012 1753 1133 1816 Doctor·
1171 1754 1394 1836 Euangeiicns

84 1859 207 1942 spiritu
238 1860 428 1942 prophetico
445 1860 534 1938 dicit,
551 1859 862 1942 quomodocumque
878 1858 983 1940 spuria
1001 1859 1187 1920 vitulamina
1205 1859 1392 1922 Antichristi

81 1966 306 2048 precidamur,
331 1981 439 2029 tamen
464 1985 528 2027 non
554 1965 722 2026 cessabunt
747 1965 861 2026 iterum
886 1964 1054 2046 pullulare,
1084 1963 1141 2024 nisi
1166 1983 1280 2026 eorum
1304 1966 1392 2027 radix

80 2069 185 2133 fuerit
202 2071 348 2152 suffossa,
366 2091 430 2154 que
446 2084 493 2131 est
510 2070 646 2131 heretica
664 2069 813 2131 seductio
830 2070 911 2131 cirta
930 2069 1125 2130 Eucharistie
1142 2084 1390 2147 sacramentum,

77 2176 126 2237 ad
160 2177 257 2239 cuius
290 2176 493 2239 seductionis
524 2175 746 2253 reclusionem,
777 2184 876 2253 proter
904 2183 1022 2235 tactum
1062 2184 1118 2247 est,
1158 2185 1265 2235 noster
1299 2175 1392 2236 labor·

71 2280 147 2366 fuit
171 2293 204 2343 et
228 2291 282 2344 est.

192 2387 266 2448 And
290 2383 459 2467 therefore,
482 2385 577 2447 when
604 2384 655 2445 the
679 2385 852 2466 ‘Magister’
878 2384 915 2446 of
934 2384 1055 2465 Prague
1072 2382 1102 2466 (a
1121 2382 1305 2466 Calixtine),
1331 2399 1391 2466 put

77 2493 135 2554 the
162 2491 312 2574 question
337 2505 372 2552 to
395 2489 449 2554 the
473 2489 659 2552 Taborites:

188 2602 242 2658 An
266 2593 427 2658 credimus
450 2595 538 2677 quod
565 2596 631 2676 ipse
655 2593 802 2656 Christus
827 2593 926 2655 estin
952 2593 1157 2655 Sacramento
1181 2593 1298 2655 Altatis
1323 2615 1388 2656 non

76 2704 190 2766 solum
225 2699 433 2784 spiritualiter
466 2720 526 2782 per
564 2701 726 2782 quandam
759 2699 897 2781 graciam
936 2700 1037 2760 solam
1074 2701 1113 2760 ab
1152 2700 1222 2781 ipso
1254 2720 1389 2781 torpore

77 2808 223 2872 naturali
241 2805 359 2871 Christi
377 2805 635 2882 condistinttam,
660 2825 717 2866 nec
741 2806 845 2865 solum
871 2806 1137 2869 sacramentaliter
1155 2819 1185 2866 et
1204 2804 1388 2886 figuraliter,

77 2914 135 2976 sed
164 2913 248 2974 ultra
272 2910 334 2973 hot
358 2924 659 2992 quantumcumque
684 2924 731 2970 est
756 2908 902 2971 Christus
926 2910 1014 2971 Jesus
1039 2930 1094 2992 per
1116 2910 1387 2972 resurrectionem

78 3038 179 3081 suam
204 3017 376 3098 gloriosus,
399 3015 572 3098 spiritualis
598 3031 628 3076 et
653 3014 789 3093 divinus,
813 3016 945 3076 veritate
977 3029 1083 3077 tannen
1117 3016 1163 3077 sui
1190 3017 1331 3096 corporis
1356 3031 1388 3077 et

83 3137 200 3185 natura
226 3135 435 3205 permanente
458 3135 506 3183 est
529 3121 560 3182 in
586 3120 698 3181 eodem
725 3134 938 3182 sacramento:

186 3227 280 3310 They
302 3225 483 3287 answered:

186 3331 282 3395 Istam
307 3330 569 3413 propositionem
596 3350 652 3390 nos
682 3331 863 3391 sacerdotes
900 3331 1050 3392 antedicti
1082 3331 1299 3409 concedimus,
1332 3334 1385 3393 sed

87 3457 148 3498 non
173 3438 212 3498 ad
238 3435 352 3498 salsum
386 3457 517 3499 sensum
542 3436 756 3498 hereticorum
782 3435 965 3498 nolentium
1000 3438 1173 3498 concedere
1207 3440 1386 3500 naturalem

90 3542 321 3605 distinctionem
355 3544 438 3605 inter
470 3551 712 3604 sacramentarii
747 3542 865 3604 altaris
901 3542 1023 3604 visibila
1056 3554 1086 3603 et
1113 3563 1232 3624 ccupas
1268 3544 1387 3605 Christi

93 3648 237 3710 natarali.

183 3753 252 3814 “Ex
268 3753 386 3834 quibus
403 3752 544 3832 verbis,”
562 3753 636 3835 they
647 3767 733 3815 went
750 3773 792 3813 on
810 3768 843 3816 to
860 3772 926 3835 say,
948 3757 1059 3834 “patet
1075 3753 1277 3814 locutionem
1296 3753 1384 3813 illam

96 3878 149 3940 qua
183 3873 419 3921 sacramentum
451 3859 597 3921 sensibile
630 3859 764 3941 suscipit
796 3859 1048 3942 predicacionem
1084 3860 1224 3940 torporis
1262 3857 1380 3920 Christi

96 3980 152 4023 esse
175 3963 330 4046 tropicam
364 3969 420 4028 aut
445 3961 681 4047 figurativam.¹
717 3967 756 4026 Et
781 3980 899 4027 certum
924 3978 972 4026 est
996 3979 1127 4045 propter
1151 3962 1307 4025 terminos
1329 3962 1379 4022 isti

97 4064 173 4128 dicto
196 4069 316 4130 nesciet
339 4068 486 4131 meliores
510 4083 619 4152 aptare
643 4070 797 4130 terminos
815 4070 852 4129 ad
872 4068 1115 4150 exprimendum
1134 4082 1283 4129 naturam
1299 4067 1380 4147 signi

188 4381 193 4412 ¹
213 4382 229 4430 ¹·
248 4400 271 4431 <-
290 4398 350 4448 777·
