3046 4920
633 462 911 513 lNTROIlUCTlON.
1365 466 1420 515 txt

101 639 192 701 time
226 639 320 702 when
346 639 496 725 Wyclil's
520 638 694 700 Sermones
718 655 803 698 were
827 651 885 719 put
908 637 941 698 in
964 636 1047 698 their
1069 652 1198 718 present
1222 636 1313 698 lorm.
1349 638 1421 700 The

104 763 249 825 passage
283 745 352 808 that
377 765 425 806 we
455 743 585 822 subjoin
611 743 636 804 is
660 764 678 804 a
702 761 778 826 very
806 754 896 805 exact
927 755 1134 822 counterpart
1158 741 1193 802 ol
1220 762 1281 803 one
1309 743 1341 802 in
1372 743 1425 803 the

104 847 196 909 third
231 865 303 932 part
325 848 363 912 ol
388 850 442 912 the
470 847 655 911 Sermones.
696 850 755 910 Let
784 867 824 909 an
854 861 975 909 extract
1006 845 1089 909 from
1113 845 1247 909 Sermon
1271 848 1360 910 XXV
1385 848 1423 911 be

105 951 268 1036 carelully
293 954 467 1036 compared
493 953 571 1016 with
597 954 636 1015 its
662 951 914 1036 corresponding
939 971 1072 1034 passage
1095 950 1127 1012 in
1145 950 1191 1012 De
1209 951 1423 1031 Eucharistia;

107 1057 190 1139 they
215 1058 279 1120 will
304 1058 342 1120 be
367 1056 470 1120 lound
495 1072 530 1121 to
553 1078 648 1139 agree
673 1058 761 1121 word
786 1055 838 1120 lor
861 1057 962 1119 word.
989 1056 1051 1118 For
1075 1055 1231 1117 instance:

248 1248 287 1300 De
307 1248 481 1314 Eucharistia‚
502 1267 528 1318 p.
550 1250 609 1303 325.
929 1249 1050 1299 Sermon.
1070 1248 1110 1311 ΙΙΙ,
1130 1248 1171 1311 25,
1191 1265 1215 1314 p.
1239 1265 1294 1317 ¹94·

182 1405 253 1421 ....
267 1371 384 1423 Allectus
408 1374 435 1423 in
459 1374 556 1423 nostris
580 1372 746 1423 benediccio-
871 1371 904 1421 Et
923 1382 1028 1437 propter
1046 1371 1121 1420 istam
1135 1371 1350 1422 benediccionem
1364 1387 1423 1421 cru-

109 1458 191 1507 nihus
210 1471 250 1508 est
268 1461 455 1525 perversussic
468 1461 541 1527 quod
556 1461 627 1510 Deus
641 1460 746 1525 prelatis
800 1458 886 1507 delcm
915 1458 1004 1507 dicunt
1032 1458 1140 1524 quidam
1169 1461 1241 1523 quod
1271 1459 1425 1509 benedictio

107 1547 251 1596 contrariis
275 1548 408 1598 maledicit
431 1549 487 1597 suis
512 1546 746 1597 benediccionihus
800 1546 945 1596 sacerdotis
964 1556 1016 1596 tam
1030 1547 1136 1596 maioris
1149 1561 1229 1612 quam
1243 1549 1352 1596 minoris
1367 1549 1426 1612 plus

107 1644 135 1680 ct
157 1645 273 1683 econtra.
799 1647 881 1698 quam
909 1633 965 1682 eius
993 1634 1148 1683 malediccio
1175 1643 1214 1683 est
1242 1635 1368 1685 timenda.
1399 1636 1425 1684 Si

800 1721 870 1770 enirn
884 1719 956 1770 Deus
969 1720 1100 1771 maledicit
1118 1723 1174 1771 suis
1193 1721 1427 1772 benediccionibus

800 1818 826 1856 et
843 1808 922 1873 longe
941 1808 1001 1873 plus
1019 1809 1135 1858 timenda
1148 1819 1186 1859 est
1200 1810 1246 1859 Dei
1261 1810 1426 1860 malediccio.

222 1982 251 2045 ll
273 2001 322 2043 we
345 1981 493 2044 examine
528 1980 591 2044 this
624 2002 755 2045 sermon
788 1981 954 2066 carelully‚
988 2003 1035 2046 we
1059 1984 1139 2047 shall
1169 1984 1233 2046 find
1262 1985 1294 2047 in
1319 1986 1344 2048 it
1372 1987 1426 2048 the

110 2088 338 2152 fundamental
377 2086 447 2149 idea
480 2085 516 2148 ol
546 2087 596 2149 De
621 2087 842 2150 Eucharistia.
882 2088 946 2149 For
977 2087 1129 2166 instance,
1168 2089 1221 2152 the
1259 2088 1426 2174 following

109 2207 282 2256 sentence:
316 2193 501 2255 Teneamus
531 2192 629 2274 igitur
656 2191 753 2254 tidem
782 2193 952 2277 antiquam
980 2195 1068 2276 quod
1098 2194 1159 2256 hoc
1188 2209 1425 2258 sacramentum

110 2300 156 2360 sit
180 2299 214 2361 in
240 2314 353 2360 natura
378 2317 436 2359 sua
461 2297 554 2379 panis
578 2312 634 2360 atu
659 2297 772 2361 vinum
796 2313 826 2360 et
850 2299 1120 2362 sacramentaliter
1144 2299 1192 2362 vel
1217 2301 1339 2363 mistice
1356 2321 1427 2363 cor·

111 2422 176 2486 pus
194 2400 317 2465 Christi
340 2415 397 2465 aut
420 2403 563 2483 sanguis,
589 2403 672 2465 sicut
696 2403 773 2466 dicit
797 2405 963 2467 decretum
988 2404 1117 2487 antique
1135 2405 1280 2467 Romane
1296 2407 1427 2468 ecclesie

109 2509 160 2570 De
178 2507 448 2588 Consecracione,
472 2508 545 2572 dist.
565 2509 607 2570 11:
631 2508 704 2593 Ego
717 2509 948 2594 Berenparius
973 2509 1024 2572 Sic
1040 2511 1124 2571 enirn
1143 2510 1218 2572 dicit
1237 2513 1425 2592 Apostolus,

108 2613 169 2695 qui
195 2615 320 2697 accepit
344 2633 478 2676 sensum
501 2634 600 2676 suum
616 2635 633 2675 a
652 2615 794 2676 Domino
812 2631 871 2679 etc.
897 2617 923 2678 is
949 2631 981 2676 to
1007 2617 1044 2677 be
1068 2613 1169 2678 found
1194 2617 1314 2677 several
1335 2617 1426 2680 times

111 2720 268 2801 repeated
293 2720 324 2780 in
348 2719 401 2782 De
422 2720 645 2796 Eucharistio,
679 2721 756 2782 with
787 2720 845 2783 but
872 2721 969 2803 slight
998 2720 1135 2803 changes
1158 2735 1191 2782 at
1216 2720 1268 2783 the
1292 2735 1425 2786 utmost.

111 2825 224 2886 There
249 2845 302 2887 are
327 2844 426 2909 many
450 2825 546 2888 other
569 2825 648 2887 such
675 2846 834 2908 passages,
869 2826 1017 2887 identical
1043 2827 1119 2887 both
1146 2827 1176 2887 in
1202 2826 1271 2888 that
1294 2845 1424 2889 sermon

108 2931 177 2990 and
203 2929 235 2991 in
259 2931 310 2992 De
333 2931 555 2993 Eucharistia.
596 2931 711 2993 lshall
746 2932 808 2993 cite
841 2951 904 2993 one
936 2932 1029 2993 other
1060 2951 1203 3013 passage,
1240 2931 1374 2994 because
1404 2932 1426 2994 it

109 3055 222 3096 seems
257 3050 315 3098 not
348 3034 488 3099 without
522 3036 725 3118 importance
750 3036 779 3097 in
811 3038 864 3099 the
898 3036 1046 3120 question
1072 3034 1108 3098 ol
1134 3036 1186 3098 the
1214 3038 1287 3097 date
1311 3036 1349 3098 ol
1374 3037 1427 3098 the

110 3139 218 3203 work.
256 3140 290 3201 ln
314 3140 452 3204 Sermon
480 3143 530 3221 54,
560 3141 600 3202 ΙΙΙ
625 3142 698 3205 Part
729 3140 766 3202 ol
795 3142 968 3204 Sermones
1000 3147 1045 3223 (p.
1068 3138 1159 3226 471),
1188 3141 1312 3224 Wyclil
1340 3157 1427 3224 says:

222 3244 257 3307 ln
283 3247 345 3308 ista
369 3247 502 3309 materia
525 3247 648 3308 asserui
674 3261 806 3329 propter
828 3249 973 3309 raciones
997 3247 1114 3308 multas
1138 3247 1322 3308 consimiles
1346 3262 1426 3307 tam-

108 3371 214 3432 quam
250 3351 419 3433 probabile
452 3353 541 3435 quod
572 3351 633 3414 hoc
663 3366 902 3414 sacramentum
935 3350 1144 3433 spiritualiter
1167 3364 1198 3412 et
1225 3351 1351 3412 realiter
1380 3367 1426 3413 est

108 3477 236 3538 corpus
261 3455 381 3519 Christi
416 3472 472 3520 aut
504 3457 634 3539 sanguis
671 3471 702 3518 et
741 3457 958 3538 interrogatus
995 3456 1127 3518 ulterius
1162 3456 1302 3517 concessi
1339 3457 1428 3538 quod

112 3564 227 3643 ipsum
251 3575 493 3624 sacramentum
509 3578 556 3623 est
575 3563 764 3623 naturaliter
780 3561 962 3624 substancia
981 3560 1071 3643 panis
1087 3577 1142 3622 aut
1160 3560 1223 3621 vini
1242 3560 1426 3623 materialis.

110 3668 210 3728 Nunc
234 3683 345 3730 autem
377 3681 471 3732 taceo
499 3667 559 3730 hec
587 3667 653 3729 duo
683 3668 817 3729 nomina
842 3665 1045 3728 ‘substancia'
1070 3680 1101 3727 et
1129 3664 1337 3743 materialis,
1362 3685 1426 3726 non

109 3772 192 3853 quia
221 3773 318 3834 credo
348 3773 402 3835 illa
431 3772 563 3835 nomina
599 3773 765 3835 dissonare
799 3773 986 3835 naturaliter
1008 3792 1025 3832 a
1049 3770 1182 3832 veritate
1206 3771 1250 3832 rei
1276 3770 1428 3851 predicte,

109 3878 168 3937 sed
196 3877 272 3960 quia
296 3898 362 3940 non
389 3877 485 3940 video
509 3878 550 3939 ad
574 3877 652 3960 quid
677 3898 751 3939 cum
777 3877 844 3940 istis
868 3877 1055 3939 nominibus
1079 3890 1263 3938 oneraretur
1286 3876 1427 3937 ecclesia.

112 3981 193 4042 ldeo
219 4002 371 4047 remaneo
395 3982 427 4045 in
452 3983 558 4044 verbis
591 3982 791 4044 brevioribus
821 3984 852 4043 in
878 3981 939 4044 fide
962 3981 1117 4062 scripture
1149 3980 1315 4062 expressis,
1351 4000 1426 4042 con·

110 4090 264 4149 cedendo
297 4089 386 4172 quod
417 4089 479 4151 hoc
508 4105 750 4150 sacramentum
774 4102 821 4149 est
844 4087 935 4170 panis
967 4106 1063 4170 quem
1099 4086 1282 4168 frangimus.
1321 4085 1360 4145 Et
1385 4084 1428 4146 sic

111 4193 195 4253 dicit
220 4195 400 4274 Apostolus
423 4194 478 4276 qui
504 4192 628 4274 accepit
652 4213 784 4255 sensum
810 4214 826 4253 a
853 4192 994 4253 Domino

224 4298 251 4360 lt
268 4299 343 4361 thus
360 4320 496 4382 appears
513 4300 582 4360 that
600 4299 640 4359 he
658 4319 730 4360 uses
747 4297 801 4360 the
819 4313 916 4359 terms
933 4296 1136 4358 ‘substancia‘
1153 4298 1214 4357 and
1233 4296 1427 4356 ‘materialis’

109 4409 193 4488 only
220 4407 252 4466 in
277 4406 325 4468 bis
351 4404 470 4467 former
500 4403 658 4484 writings,
691 4405 754 4464 and
786 4425 833 4464 wc
863 4424 935 4486 may
960 4402 1056 4485 justly
1085 4415 1195 4484 expect
1226 4401 1348 4462 thatin
1375 4400 1428 4462 the
