<?xml version="1.0" encoding="UTF-8"?>
<!DOCTYPE html PUBLIC "-//W3C//DTD XHTML 1.0 Transitional//EN"
    "http://www.w3.org/TR/xhtml1/DTD/xhtml1-transitional.dtd">
<html xmlns="http://www.w3.org/1999/xhtml" xml:lang="en" lang="en">
 <head>
  <title>
</title>
<meta http-equiv="Content-Type" content="text/html;charset=utf-8" />
  <meta name='ocr-system' content='tesseract 3.04.00' />
  <meta name='ocr-capabilities' content='ocr_page ocr_carea ocr_par ocr_line ocrx_word'/>
</head>
<body>
  <div class='ocr_page' id='page_1' title='image "./iohanniswyclifd01losegoog/iohanniswyclifd01losegoog_0400.png"; bbox 0 0 3046 4920; ppageno 0'>
   <div class='ocr_carea' id='block_1_1' title="bbox 146 406 797 499">
    <p class='ocr_par' dir='ltr' id='par_1_1' title="bbox 146 406 797 499">
     <span class='ocr_line' id='line_1_1' title="bbox 146 406 797 499; baseline 0.012 -27"><span class='ocrx_word' id='word_1_1' title='bbox 146 425 216 472; x_wconf 72' lang='lat' dir='ltr'>cnr.</span> <span class='ocrx_word' id='word_1_2' title='bbox 230 406 286 499; x_wconf 76' lang='lat' dir='ltr'>aa]</span> <span class='ocrx_word' id='word_1_3' title='bbox 486 427 532 479; x_wconf 81' lang='lat' dir='ltr'>na</span> <span class='ocrx_word' id='word_1_4' title='bbox 552 426 797 480; x_wconf 77' lang='lat' dir='ltr'>eucaanrsrra.</span> 
     </span>
    </p>
   </div>
   <div class='ocr_carea' id='block_1_2' title="bbox 90 583 1330 3709">
    <p class='ocr_par' dir='ltr' id='par_1_2' title="bbox 90 583 1330 3709">
     <span class='ocr_line' id='line_1_2' title="bbox 144 583 1133 671; baseline 0.002 -22"><span class='ocrx_word' id='word_1_5' title='bbox 144 587 230 649; x_wconf 88' lang='lat' dir='ltr'>clero</span> <span class='ocrx_word' id='word_1_6' title='bbox 253 585 444 662; x_wconf 87' lang='lat' dir='ltr'>accidencia,</span> <span class='ocrx_word' id='word_1_7' title='bbox 469 599 505 647; x_wconf 89' lang='lat' dir='ltr'>ut</span> <span class='ocrx_word' id='word_1_8' title='bbox 527 583 670 667; x_wconf 87' lang='lat' dir='ltr'>acquirat</span> <span class='ocrx_word' id='word_1_9' title='bbox 693 584 753 648; x_wconf 84' lang='lat' dir='ltr'>sibi</span> <span class='ocrx_word' id='word_1_10' title='bbox 777 589 931 650; x_wconf 90' lang='lat' dir='ltr'>merendo</span> <span class='ocrx_word' id='word_1_11' title='bbox 954 601 987 651; x_wconf 93' lang='lat' dir='ltr'>et</span> <span class='ocrx_word' id='word_1_12' title='bbox 1009 588 1133 671; x_wconf 91' lang='lat' dir='ltr'>populo</span> 
     </span>
     <span class='ocr_line' id='line_1_3' title="bbox 143 687 1134 774; baseline 0.006 -23"><span class='ocrx_word' id='word_1_13' title='bbox 143 710 233 752; x_wconf 85' lang='lat' dir='ltr'>veras</span> <span class='ocrx_word' id='word_1_14' title='bbox 256 687 387 752; x_wconf 88' lang='lat' dir='ltr'>divicias</span> <span class='ocrx_word' id='word_1_15' title='bbox 409 689 630 771; x_wconf 89' lang='lat' dir='ltr'>sempiternas,</span> <span class='ocrx_word' id='word_1_16' title='bbox 662 704 694 754; x_wconf 92' lang='lat' dir='ltr'>et</span> <span class='ocrx_word' id='word_1_17' title='bbox 716 690 799 754; x_wconf 87' lang='lat' dir='ltr'>sicut</span> <span class='ocrx_word' id='word_1_18' title='bbox 822 691 998 774; x_wconf 81' lang='lat' dir='ltr'>blasphemi</span> <span class='ocrx_word' id='word_1_19' title='bbox 1022 694 1134 757; x_wconf 91' lang='lat' dir='ltr'>dicunt</span> 
     </span>
     <span class='ocr_line' id='line_1_4' title="bbox 144 791 1133 878; baseline 0.004 -22"><span class='ocrx_word' id='word_1_20' title='bbox 144 793 233 877; x_wconf 90' lang='lat' dir='ltr'>quod</span> <span class='ocrx_word' id='word_1_21' title='bbox 266 791 384 855; x_wconf 89' lang='lat' dir='ltr'>virtute</span> <span class='ocrx_word' id='word_1_22' title='bbox 416 793 653 857; x_wconf 79' lang='lat' dir='ltr'>benediccionis</span> <span class='ocrx_word' id='word_1_23' title='bbox 686 792 804 859; x_wconf 81' lang='lat' dir='ltr'>Christi</span> <span class='ocrx_word' id='word_1_24' title='bbox 835 796 925 878; x_wconf 88' lang='lat' dir='ltr'>panis</span> <span class='ocrx_word' id='word_1_25' title='bbox 954 799 1133 862; x_wconf 92' lang='lat' dir='ltr'>secundum</span> 
     </span>
     <span class='ocr_line' id='line_1_5' title="bbox 143 897 1132 985; baseline 0.004 -25"><span class='ocrx_word' id='word_1_26' title='bbox 143 917 177 960; x_wconf 90' lang='lat' dir='ltr'>se</span> <span class='ocrx_word' id='word_1_27' title='bbox 197 911 306 960; x_wconf 90' lang='lat' dir='ltr'>totum</span> <span class='ocrx_word' id='word_1_28' title='bbox 321 897 498 961; x_wconf 77' lang='lat' dir='ltr'>destruitur</span> <span class='ocrx_word' id='word_1_29' title='bbox 519 900 559 961; x_wconf 91' lang='lat' dir='ltr'>ad</span> <span class='ocrx_word' id='word_1_30' title='bbox 583 918 649 960; x_wconf 94' lang='lat' dir='ltr'>non</span> <span class='ocrx_word' id='word_1_31' title='bbox 673 919 752 982; x_wconf 90' lang='lat' dir='ltr'>esse,</span> <span class='ocrx_word' id='word_1_32' title='bbox 776 899 821 962; x_wconf 89' lang='lat' dir='ltr'>sic</span> <span class='ocrx_word' id='word_1_33' title='bbox 844 901 931 983; x_wconf 91' lang='lat' dir='ltr'>quod</span> <span class='ocrx_word' id='word_1_34' title='bbox 956 903 1042 964; x_wconf 90' lang='lat' dir='ltr'>nulla</span> <span class='ocrx_word' id='word_1_35' title='bbox 1059 923 1132 985; x_wconf 88' lang='lat' dir='ltr'>pars</span> 
     </span>
     <span class='ocr_line' id='line_1_6' title="bbox 118 1001 1132 1083; baseline 0.009 -23"><span class='ocrx_word' id='word_1_36' title='bbox 118 1001 212 1066; x_wconf 75' lang='lat' dir='ltr'>seius</span> <span class='ocrx_word' id='word_1_37' title='bbox 236 1017 411 1083; x_wconf 89' lang='lat' dir='ltr'>remaneat,</span> <span class='ocrx_word' id='word_1_38' title='bbox 435 1001 478 1065; x_wconf 89' lang='lat' dir='ltr'>ita</span> <span class='ocrx_word' id='word_1_39' title='bbox 501 1003 632 1067; x_wconf 89' lang='lat' dir='ltr'>affectus</span> <span class='ocrx_word' id='word_1_40' title='bbox 655 1004 688 1066; x_wconf 93' lang='lat' dir='ltr'>in</span> <span class='ocrx_word' id='word_1_41' title='bbox 712 1001 830 1066; x_wconf 88' lang='lat' dir='ltr'>nostris</span> <span class='ocrx_word' id='word_1_42' title='bbox 854 1004 1132 1069; x_wconf 90' lang='lat' dir='ltr'>benediccionibus</span> 
     </span>
     <span class='ocr_line' id='line_1_7' title="bbox 144 1106 1132 1191; baseline 0.002 -21"><span class='ocrx_word' id='word_1_43' title='bbox 144 1120 192 1171; x_wconf 89' lang='lat' dir='ltr'>est</span> <span class='ocrx_word' id='word_1_44' title='bbox 206 1125 384 1191; x_wconf 89' lang='lat' dir='ltr'>perversus,</span> <span class='ocrx_word' id='word_1_45' title='bbox 407 1107 452 1169; x_wconf 90' lang='lat' dir='ltr'>sic</span> <span class='ocrx_word' id='word_1_46' title='bbox 475 1108 563 1191; x_wconf 93' lang='lat' dir='ltr'>quod</span> <span class='ocrx_word' id='word_1_47' title='bbox 581 1107 669 1170; x_wconf 87' lang='lat' dir='ltr'>iuxta</span> <span class='ocrx_word' id='word_1_48' title='bbox 686 1106 878 1190; x_wconf 89' lang='lat' dir='ltr'>prophetam</span> <span class='ocrx_word' id='word_1_49' title='bbox 895 1106 987 1172; x_wconf 86' lang='lat' dir='ltr'>Deus</span> <span class='ocrx_word' id='word_1_50' title='bbox 1002 1110 1132 1191; x_wconf 88' lang='lat' dir='ltr'>prelatis</span> 
     </span>
     <span class='ocr_line' id='line_1_8' title="bbox 143 1210 1130 1277; baseline 0.003 -3"><span class='ocrx_word' id='word_1_51' title='bbox 143 1211 311 1275; x_wconf 77' lang='lat' dir='ltr'>contrariis</span> <span class='ocrx_word' id='word_1_52' title='bbox 338 1211 502 1276; x_wconf 83' lang='lat' dir='ltr'>maledicit</span> <span class='ocrx_word' id='word_1_53' title='bbox 527 1212 598 1275; x_wconf 88' lang='lat' dir='ltr'>suis</span> <span class='ocrx_word' id='word_1_54' title='bbox 626 1210 904 1275; x_wconf 72' lang='lat' dir='ltr'>benedictionibus</span> <span class='ocrx_word' id='word_1_55' title='bbox 931 1223 962 1276; x_wconf 90' lang='lat' dir='ltr'>et</span> <span class='ocrx_word' id='word_1_56' title='bbox 988 1223 1130 1277; x_wconf 84' lang='lat' dir='ltr'>econtra.</span> 
     </span>
     <span class='ocr_line' id='line_1_9' title="bbox 143 1316 1131 1396; baseline 0.001 -14"><span class='ocrx_word' id='word_1_57' title='bbox 143 1318 184 1382; x_wconf 83' lang='lat' dir='ltr'>Et</span> <span class='ocrx_word' id='word_1_58' title='bbox 206 1319 284 1382; x_wconf 92' lang='lat' dir='ltr'>illud</span> <span class='ocrx_word' id='word_1_59' title='bbox 308 1319 340 1381; x_wconf 91' lang='lat' dir='ltr'>in</span> <span class='ocrx_word' id='word_1_60' title='bbox 365 1317 450 1381; x_wconf 84' lang='lat' dir='ltr'>facto</span> <span class='ocrx_word' id='word_1_61' title='bbox 480 1319 673 1396; x_wconf 86' lang='lat' dir='ltr'>ostenditur,</span> <span class='ocrx_word' id='word_1_62' title='bbox 705 1336 781 1380; x_wconf 89' lang='lat' dir='ltr'>eum</span> <span class='ocrx_word' id='word_1_63' title='bbox 810 1316 967 1381; x_wconf 80' lang='lat' dir='ltr'>confessio</span> <span class='ocrx_word' id='word_1_64' title='bbox 995 1334 1027 1383; x_wconf 89' lang='lat' dir='ltr'>et</span> <span class='ocrx_word' id='word_1_65' title='bbox 1054 1340 1131 1383; x_wconf 90' lang='lat' dir='ltr'>usus</span> 
     </span>
     <span class='ocr_line' id='line_1_10' title="bbox 142 1420 1130 1506; baseline 0.001 -20"><span class='ocrx_word' id='word_1_66' title='bbox 142 1423 328 1488; x_wconf 85' lang='lat' dir='ltr'>sacramenti</span> <span class='ocrx_word' id='word_1_67' title='bbox 352 1424 458 1486; x_wconf 88' lang='lat' dir='ltr'>altaris</span> <span class='ocrx_word' id='word_1_68' title='bbox 481 1423 577 1486; x_wconf 87' lang='lat' dir='ltr'>debet</span> <span class='ocrx_word' id='word_1_69' title='bbox 600 1422 754 1505; x_wconf 88' lang='lat' dir='ltr'>precipue</span> <span class='ocrx_word' id='word_1_70' title='bbox 775 1420 843 1485; x_wconf 89' lang='lat' dir='ltr'>fieri</span> <span class='ocrx_word' id='word_1_71' title='bbox 865 1437 998 1505; x_wconf 90' lang='lat' dir='ltr'>propter</span> <span class='ocrx_word' id='word_1_72' title='bbox 1019 1443 1130 1506; x_wconf 92' lang='lat' dir='ltr'>pacem</span> 
     </span>
     <span class='ocr_line' id='line_1_11' title="bbox 100 1526 1128 1622; baseline -0.001 -31"><span class='ocrx_word' id='word_1_73' title='bbox 100 1547 132 1583; x_wconf 78' lang='grc' dir='ltr'>ιο</span> <span class='ocrx_word' id='word_1_74' title='bbox 141 1529 364 1591; x_wconf 86' lang='lat' dir='ltr'>membrorum</span> <span class='ocrx_word' id='word_1_75' title='bbox 386 1528 516 1590; x_wconf 84' lang='lat' dir='ltr'>ecclesie</span> <span class='ocrx_word' id='word_1_76' title='bbox 539 1528 800 1591; x_wconf 85' lang='lat' dir='ltr'>constituendam</span> <span class='ocrx_word' id='word_1_77' title='bbox 816 1541 847 1589; x_wconf 89' lang='lat' dir='ltr'>et</span> <span class='ocrx_word' id='word_1_78' title='bbox 863 1526 1128 1622; x_wconf 77' lang='lat' dir='ltr'>confirmandam,</span> 
     </span>
     <span class='ocr_line' id='line_1_12' title="bbox 140 1632 1327 1717; baseline 0.001 -20"><span class='ocrx_word' id='word_1_79' title='bbox 140 1653 237 1717; x_wconf 88' lang='lat' dir='ltr'>quam</span> <span class='ocrx_word' id='word_1_80' title='bbox 261 1633 442 1697; x_wconf 84' lang='lat' dir='ltr'>sacerdotes</span> <span class='ocrx_word' id='word_1_81' title='bbox 466 1648 531 1695; x_wconf 91' lang='lat' dir='ltr'>tam</span> <span class='ocrx_word' id='word_1_82' title='bbox 547 1632 779 1695; x_wconf 87' lang='lat' dir='ltr'>committendo</span> <span class='ocrx_word' id='word_1_83' title='bbox 795 1652 892 1715; x_wconf 91' lang='lat' dir='ltr'>quam</span> <span class='ocrx_word' id='word_1_84' title='bbox 914 1632 1129 1715; x_wconf 86' lang='lat' dir='ltr'>permittendo</span> <span class='ocrx_word' id='word_1_85' title='bbox 1323 1692 1327 1698; x_wconf 88' lang='lat'><em>.</em></span> 
     </span>
     <span class='ocr_line' id='line_1_13' title="bbox 140 1736 1330 1846; baseline -0.006 -46"><span class='ocrx_word' id='word_1_86' title='bbox 140 1738 243 1819; x_wconf 76' lang='lat' dir='ltr'>magis</span> <span class='ocrx_word' id='word_1_87' title='bbox 267 1737 448 1800; x_wconf 91' lang='lat' dir='ltr'>dilacerant.</span> <span class='ocrx_word' id='word_1_88' title='bbox 480 1737 588 1800; x_wconf 84' lang='lat' dir='ltr'>Taceo</span> <span class='ocrx_word' id='word_1_89' title='bbox 611 1750 721 1800; x_wconf 90' lang='lat' dir='ltr'>autem</span> <span class='ocrx_word' id='word_1_90' title='bbox 745 1736 825 1799; x_wconf 91' lang='lat' dir='ltr'>bella</span> <span class='ocrx_word' id='word_1_91' title='bbox 849 1751 881 1800; x_wconf 91' lang='lat' dir='ltr'>et</span> <span class='ocrx_word' id='word_1_92' title='bbox 901 1755 1027 1820; x_wconf 80' lang='lat' dir='ltr'>pugnas</span> <span class='ocrx_word' id='word_1_93' title='bbox 1049 1757 1129 1821; x_wconf 84' lang='lat' dir='ltr'>quas</span> <span class='ocrx_word' id='word_1_94' title='bbox 1158 1748 1330 1846; x_wconf 57' lang='lat' dir='ltr'>¹&#39;¹¹⁰},ff{,ss⁸⁰‘²</span> 
     </span>
     <span class='ocr_line' id='line_1_14' title="bbox 140 1836 1280 1925; baseline 0.001 -20"><span class='ocrx_word' id='word_1_95' title='bbox 140 1841 251 1924; x_wconf 86' lang='lat' dir='ltr'>prelati</span> <span class='ocrx_word' id='word_1_96' title='bbox 280 1842 313 1905; x_wconf 92' lang='lat' dir='ltr'>in</span> <span class='ocrx_word' id='word_1_97' title='bbox 341 1862 480 1925; x_wconf 83' lang='lat' dir='ltr'>persona</span> <span class='ocrx_word' id='word_1_98' title='bbox 505 1862 563 1904; x_wconf 88' lang='lat' dir='ltr'>sua</span> <span class='ocrx_word' id='word_1_99' title='bbox 588 1856 764 1924; x_wconf 87' lang='lat' dir='ltr'>procurant</span> <span class='ocrx_word' id='word_1_100' title='bbox 792 1855 824 1904; x_wconf 90' lang='lat' dir='ltr'>et</span> <span class='ocrx_word' id='word_1_101' title='bbox 851 1840 971 1906; x_wconf 84' lang='lat' dir='ltr'>faciunt</span> <span class='ocrx_word' id='word_1_102' title='bbox 993 1857 1025 1906; x_wconf 91' lang='lat' dir='ltr'>et</span> <span class='ocrx_word' id='word_1_103' title='bbox 1049 1862 1129 1906; x_wconf 89' lang='lat' dir='ltr'>voco</span> <span class='ocrx_word' id='word_1_104' title='bbox 1275 1836 1280 1846; x_wconf 79' lang='grc'>’</span> 
     </span>
     <span class='ocr_line' id='line_1_15' title="bbox 140 1946 1127 2030; baseline -0.001 -20"><span class='ocrx_word' id='word_1_105' title='bbox 140 1946 328 2030; x_wconf 86' lang='lat' dir='ltr'>temporalia</span> <span class='ocrx_word' id='word_1_106' title='bbox 351 1966 414 2030; x_wconf 92' lang='lat' dir='ltr'>que</span> <span class='ocrx_word' id='word_1_107' title='bbox 437 1961 643 2010; x_wconf 89' lang='lat' dir='ltr'>monstruose</span> <span class='ocrx_word' id='word_1_108' title='bbox 667 1946 728 2009; x_wconf 90' lang='lat' dir='ltr'>sibi</span> <span class='ocrx_word' id='word_1_109' title='bbox 751 1947 956 2011; x_wconf 82' lang='lat' dir='ltr'>accumulant</span> <span class='ocrx_word' id='word_1_110' title='bbox 988 1962 1020 2011; x_wconf 96' lang='lat' dir='ltr'>et</span> <span class='ocrx_word' id='word_1_111' title='bbox 1051 1967 1127 2011; x_wconf 90' lang='lat' dir='ltr'>con·</span> 
     </span>
     <span class='ocr_line' id='line_1_16' title="bbox 101 2049 1128 2134; baseline 0.003 -22"><span class='ocrx_word' id='word_1_112' title='bbox 101 2051 282 2114; x_wconf 82' lang='lat' dir='ltr'>¹5sumunt.</span> <span class='ocrx_word' id='word_1_113' title='bbox 305 2049 389 2115; x_wconf 92' lang='lat' dir='ltr'>Cum</span> <span class='ocrx_word' id='word_1_114' title='bbox 414 2066 523 2113; x_wconf 88' lang='lat' dir='ltr'>autem</span> <span class='ocrx_word' id='word_1_115' title='bbox 549 2051 673 2113; x_wconf 91' lang='lat' dir='ltr'>bonum</span> <span class='ocrx_word' id='word_1_116' title='bbox 698 2050 760 2114; x_wconf 92' lang='lat' dir='ltr'>hoc</span> <span class='ocrx_word' id='word_1_117' title='bbox 783 2051 949 2134; x_wconf 88' lang='lat' dir='ltr'>putridum</span> <span class='ocrx_word' id='word_1_118' title='bbox 971 2052 1012 2115; x_wconf 90' lang='lat' dir='ltr'>sit</span> <span class='ocrx_word' id='word_1_119' title='bbox 1034 2072 1128 2116; x_wconf 86' lang='lat' dir='ltr'>causa</span> 
     </span>
     <span class='ocr_line' id='line_1_17' title="bbox 140 2155 1129 2240; baseline 0.001 -23"><span class='ocrx_word' id='word_1_120' title='bbox 140 2155 310 2234; x_wconf 91' lang='lat' dir='ltr'>bellorum,</span> <span class='ocrx_word' id='word_1_121' title='bbox 346 2170 434 2237; x_wconf 92' lang='lat' dir='ltr'>patet</span> <span class='ocrx_word' id='word_1_122' title='bbox 457 2157 547 2239; x_wconf 92' lang='lat' dir='ltr'>quod</span> <span class='ocrx_word' id='word_1_123' title='bbox 571 2155 737 2237; x_wconf 88' lang='lat' dir='ltr'>presbiteri</span> <span class='ocrx_word' id='word_1_124' title='bbox 760 2168 793 2219; x_wconf 94' lang='lat' dir='ltr'>et</span> <span class='ocrx_word' id='word_1_125' title='bbox 815 2155 995 2239; x_wconf 86' lang='lat' dir='ltr'>specialiter</span> <span class='ocrx_word' id='word_1_126' title='bbox 1017 2157 1129 2240; x_wconf 88' lang='lat' dir='ltr'>prelati</span> 
     </span>
     <span class='ocr_line' id='line_1_18' title="bbox 138 2258 1130 2342; baseline 0.003 -21"><span class='ocrx_word' id='word_1_127' title='bbox 138 2272 213 2323; x_wconf 92' lang='lat' dir='ltr'>sunt</span> <span class='ocrx_word' id='word_1_128' title='bbox 235 2279 332 2322; x_wconf 90' lang='lat' dir='ltr'>causa</span> <span class='ocrx_word' id='word_1_129' title='bbox 355 2259 565 2323; x_wconf 89' lang='lat' dir='ltr'>dissensionis</span> <span class='ocrx_word' id='word_1_130' title='bbox 588 2275 619 2322; x_wconf 94' lang='lat' dir='ltr'>et</span> <span class='ocrx_word' id='word_1_131' title='bbox 647 2259 808 2323; x_wconf 89' lang='lat' dir='ltr'>bellorum</span> <span class='ocrx_word' id='word_1_132' title='bbox 835 2258 991 2342; x_wconf 89' lang='lat' dir='ltr'>fidelium,</span> <span class='ocrx_word' id='word_1_133' title='bbox 1022 2275 1052 2324; x_wconf 91' lang='lat' dir='ltr'>et</span> <span class='ocrx_word' id='word_1_134' title='bbox 1085 2260 1130 2324; x_wconf 87' lang='lat' dir='ltr'>sic</span> 
     </span>
     <span class='ocr_line' id='line_1_19' title="bbox 137 2365 1130 2445; baseline 0.002 -19"><span class='ocrx_word' id='word_1_135' title='bbox 137 2365 313 2427; x_wconf 90' lang='lat' dir='ltr'>omissione</span> <span class='ocrx_word' id='word_1_136' title='bbox 348 2365 544 2445; x_wconf 86' lang='lat' dir='ltr'>dampnabili</span> <span class='ocrx_word' id='word_1_137' title='bbox 573 2384 632 2425; x_wconf 89' lang='lat' dir='ltr'>nec</span> <span class='ocrx_word' id='word_1_138' title='bbox 664 2365 832 2428; x_wconf 87' lang='lat' dir='ltr'>hortantur</span> <span class='ocrx_word' id='word_1_139' title='bbox 864 2385 921 2426; x_wconf 92' lang='lat' dir='ltr'>nec</span> <span class='ocrx_word' id='word_1_140' title='bbox 956 2366 1130 2428; x_wconf 87' lang='lat' dir='ltr'>consulunt</span> 
     </span>
     <span class='ocr_line' id='line_1_20' title="bbox 137 2468 1129 2553; baseline 0.002 -21"><span class='ocrx_word' id='word_1_141' title='bbox 137 2472 177 2532; x_wconf 90' lang='lat' dir='ltr'>ad</span> <span class='ocrx_word' id='word_1_142' title='bbox 201 2489 313 2552; x_wconf 88' lang='lat' dir='ltr'>pacem</span> <span class='ocrx_word' id='word_1_143' title='bbox 339 2489 511 2551; x_wconf 84' lang='lat' dir='ltr'>regnorum</span> <span class='ocrx_word' id='word_1_144' title='bbox 535 2471 590 2531; x_wconf 89' lang='lat' dir='ltr'>scd</span> <span class='ocrx_word' id='word_1_145' title='bbox 624 2469 716 2548; x_wconf 90' lang='lat' dir='ltr'>bella,</span> <span class='ocrx_word' id='word_1_146' title='bbox 740 2483 772 2532; x_wconf 89' lang='lat' dir='ltr'>et</span> <span class='ocrx_word' id='word_1_147' title='bbox 795 2468 839 2530; x_wconf 90' lang='lat' dir='ltr'>sic</span> <span class='ocrx_word' id='word_1_148' title='bbox 861 2471 1088 2553; x_wconf 83' lang='lat' dir='ltr'>degenerantes</span> <span class='ocrx_word' id='word_1_149' title='bbox 1111 2491 1129 2534; x_wconf 87' lang='lat' dir='ltr'>a</span> 
     </span>
     <span class='ocr_line' id='line_1_21' title="bbox 95 2573 1128 2657; baseline 0.002 -22"><span class='ocrx_word' id='word_1_150' title='bbox 95 2592 128 2626; x_wconf 84' lang='lat'>20</span> <span class='ocrx_word' id='word_1_151' title='bbox 138 2576 202 2638; x_wconf 85' lang='lat' dir='ltr'>vita</span> <span class='ocrx_word' id='word_1_152' title='bbox 212 2590 243 2638; x_wconf 94' lang='lat' dir='ltr'>et</span> <span class='ocrx_word' id='word_1_153' title='bbox 254 2574 400 2637; x_wconf 88' lang='lat' dir='ltr'>doctrina</span> <span class='ocrx_word' id='word_1_154' title='bbox 416 2575 640 2657; x_wconf 88' lang='lat' dir='ltr'>apostolorum</span> <span class='ocrx_word' id='word_1_155' title='bbox 657 2575 818 2637; x_wconf 86' lang='lat' dir='ltr'>celebrant</span> <span class='ocrx_word' id='word_1_156' title='bbox 835 2573 1000 2636; x_wconf 79' lang='lat' dir='ltr'>falsissime</span> <span class='ocrx_word' id='word_1_157' title='bbox 1016 2576 1128 2638; x_wconf 90' lang='lat' dir='ltr'>missas</span> 
     </span>
     <span class='ocr_line' id='line_1_22' title="bbox 136 2680 1128 2762; baseline 0.002 -20"><span class='ocrx_word' id='word_1_158' title='bbox 136 2700 218 2744; x_wconf 87' lang='lat' dir='ltr'>suas.</span> <span class='ocrx_word' id='word_1_159' title='bbox 249 2680 461 2743; x_wconf 89' lang='lat' dir='ltr'>Procurarent</span> <span class='ocrx_word' id='word_1_160' title='bbox 484 2681 571 2743; x_wconf 90' lang='lat' dir='ltr'>enim</span> <span class='ocrx_word' id='word_1_161' title='bbox 594 2680 693 2741; x_wconf 86' lang='lat' dir='ltr'>verbo</span> <span class='ocrx_word' id='word_1_162' title='bbox 718 2694 749 2743; x_wconf 92' lang='lat' dir='ltr'>et</span> <span class='ocrx_word' id='word_1_163' title='bbox 771 2699 868 2762; x_wconf 86' lang='lat' dir='ltr'>opere</span> <span class='ocrx_word' id='word_1_164' title='bbox 901 2681 990 2762; x_wconf 91' lang='lat' dir='ltr'>quod</span> <span class='ocrx_word' id='word_1_165' title='bbox 1014 2701 1128 2744; x_wconf 90' lang='lat' dir='ltr'>omnes</span> 
     </span>
     <span class='ocr_line' id='line_1_23' title="bbox 136 2785 1128 2868; baseline 0.001 -21"><span class='ocrx_word' id='word_1_166' title='bbox 136 2786 299 2850; x_wconf 91' lang='lat' dir='ltr'>christiani</span> <span class='ocrx_word' id='word_1_167' title='bbox 316 2785 418 2848; x_wconf 84' lang='lat' dir='ltr'>eciam</span> <span class='ocrx_word' id='word_1_168' title='bbox 428 2785 585 2848; x_wconf 90' lang='lat' dir='ltr'>seculares</span> <span class='ocrx_word' id='word_1_169' title='bbox 603 2786 826 2862; x_wconf 90' lang='lat' dir='ltr'>domini,cum</span> <span class='ocrx_word' id='word_1_170' title='bbox 841 2785 907 2848; x_wconf 87' lang='lat' dir='ltr'>sint</span> <span class='ocrx_word' id='word_1_171' title='bbox 921 2804 1007 2848; x_wconf 84' lang='lat' dir='ltr'>unus</span> <span class='ocrx_word' id='word_1_172' title='bbox 1018 2787 1128 2868; x_wconf 66' lang='lat' dir='ltr'>partin</span> 
     </span>
     <span class='ocr_line' id='line_1_24' title="bbox 136 2889 1128 2974; baseline -0.001 -20"><span class='ocrx_word' id='word_1_173' title='bbox 136 2892 220 2955; x_wconf 89' lang='lat' dir='ltr'>etde</span> <span class='ocrx_word' id='word_1_174' title='bbox 238 2910 302 2954; x_wconf 85' lang='lat' dir='ltr'>uno</span> <span class='ocrx_word' id='word_1_175' title='bbox 312 2911 402 2974; x_wconf 86' lang='lat' dir='ltr'>pane</span> <span class='ocrx_word' id='word_1_176' title='bbox 418 2890 515 2953; x_wconf 85' lang='lat' dir='ltr'>edant</span> <span class='ocrx_word' id='word_1_177' title='bbox 532 2905 699 2972; x_wconf 90' lang='lat' dir='ltr'>tamquam</span> <span class='ocrx_word' id='word_1_178' title='bbox 716 2889 860 2951; x_wconf 88' lang='lat' dir='ltr'>membra</span> <span class='ocrx_word' id='word_1_179' title='bbox 877 2890 973 2951; x_wconf 91' lang='lat' dir='ltr'>unius</span> <span class='ocrx_word' id='word_1_180' title='bbox 989 2891 1128 2972; x_wconf 86' lang='lat' dir='ltr'>ecclesie,</span> 
     </span>
     <span class='ocr_line' id='line_1_25' title="bbox 135 2993 1126 3081; baseline 0 -22"><span class='ocrx_word' id='word_1_181' title='bbox 135 2998 225 3081; x_wconf 93' lang='lat' dir='ltr'>quod</span> <span class='ocrx_word' id='word_1_182' title='bbox 249 3011 400 3078; x_wconf 89' lang='lat' dir='ltr'>superant</span> <span class='ocrx_word' id='word_1_183' title='bbox 423 2997 531 3058; x_wconf 90' lang='lat' dir='ltr'>omnia</span> <span class='ocrx_word' id='word_1_184' title='bbox 560 2995 673 3057; x_wconf 92' lang='lat' dir='ltr'>mundi</span> <span class='ocrx_word' id='word_1_185' title='bbox 702 2993 891 3078; x_wconf 85' lang='lat' dir='ltr'>temporalia</span> <span class='ocrx_word' id='word_1_186' title='bbox 919 3009 949 3056; x_wconf 88' lang='lat' dir='ltr'>et</span> <span class='ocrx_word' id='word_1_187' title='bbox 976 2994 1126 3073; x_wconf 91' lang='lat' dir='ltr'>honores,</span> 
     </span>
     <span class='ocr_line' id='line_1_26' title="bbox 92 3099 1126 3184; baseline -0.003 -20"><span class='ocrx_word' id='word_1_188' title='bbox 92 3099 124 3150; x_wconf 81' lang='lat'>25</span> <span class='ocrx_word' id='word_1_189' title='bbox 135 3118 309 3184; x_wconf 90' lang='lat' dir='ltr'>antequam</span> <span class='ocrx_word' id='word_1_190' title='bbox 333 3102 438 3178; x_wconf 88' lang='lat' dir='ltr'>edant,</span> <span class='ocrx_word' id='word_1_191' title='bbox 462 3103 599 3164; x_wconf 90' lang='lat' dir='ltr'>lacerent</span> <span class='ocrx_word' id='word_1_192' title='bbox 616 3101 665 3161; x_wconf 92' lang='lat' dir='ltr'>vel</span> <span class='ocrx_word' id='word_1_193' title='bbox 685 3103 813 3163; x_wconf 92' lang='lat' dir='ltr'>turbent</span> <span class='ocrx_word' id='word_1_194' title='bbox 836 3099 1006 3162; x_wconf 89' lang='lat' dir='ltr'>minimum</span> <span class='ocrx_word' id='word_1_195' title='bbox 1026 3121 1126 3162; x_wconf 90' lang='lat' dir='ltr'>mem·</span> 
     </span>
     <span class='ocr_line' id='line_1_27' title="bbox 135 3204 1126 3280; baseline -0.003 -11"><span class='ocrx_word' id='word_1_196' title='bbox 135 3209 228 3269; x_wconf 91' lang='lat' dir='ltr'>brum</span> <span class='ocrx_word' id='word_1_197' title='bbox 258 3207 370 3269; x_wconf 88' lang='lat' dir='ltr'>matris</span> <span class='ocrx_word' id='word_1_198' title='bbox 401 3206 539 3268; x_wconf 89' lang='lat' dir='ltr'>ecclesie.</span> <span class='ocrx_word' id='word_1_199' title='bbox 574 3206 684 3280; x_wconf 91' lang='lat' dir='ltr'>Quam</span> <span class='ocrx_word' id='word_1_200' title='bbox 706 3204 880 3267; x_wconf 89' lang='lat' dir='ltr'>leccionem</span> <span class='ocrx_word' id='word_1_201' title='bbox 913 3205 940 3267; x_wconf 92' lang='lat' dir='ltr'>si</span> <span class='ocrx_word' id='word_1_202' title='bbox 964 3224 1001 3267; x_wconf 82' lang='lat' dir='ltr'>ex</span> <span class='ocrx_word' id='word_1_203' title='bbox 1025 3224 1126 3267; x_wconf 89' lang='lat' dir='ltr'>sacra-</span> 
     </span>
     <span class='ocr_line' id='line_1_28' title="bbox 133 3308 1126 3393; baseline -0.004 -18"><span class='ocrx_word' id='word_1_204' title='bbox 133 3327 245 3375; x_wconf 91' lang='lat' dir='ltr'>mento</span> <span class='ocrx_word' id='word_1_205' title='bbox 281 3311 388 3373; x_wconf 89' lang='lat' dir='ltr'>altaris</span> <span class='ocrx_word' id='word_1_206' title='bbox 426 3310 564 3393; x_wconf 83' lang='lat' dir='ltr'>perfecte</span> <span class='ocrx_word' id='word_1_207' title='bbox 600 3309 782 3390; x_wconf 92' lang='lat' dir='ltr'>didicerint,</span> <span class='ocrx_word' id='word_1_208' title='bbox 822 3323 898 3372; x_wconf 91' lang='lat' dir='ltr'>tunc</span> <span class='ocrx_word' id='word_1_209' title='bbox 939 3308 1126 3392; x_wconf 82' lang='lat' dir='ltr'>attingendo</span> 
     </span>
     <span class='ocr_line' id='line_1_29' title="bbox 134 3412 1125 3498; baseline -0.003 -19"><span class='ocrx_word' id='word_1_210' title='bbox 134 3415 231 3479; x_wconf 92' lang='lat' dir='ltr'>finem</span> <span class='ocrx_word' id='word_1_211' title='bbox 257 3415 444 3478; x_wconf 91' lang='lat' dir='ltr'>sacramenti</span> <span class='ocrx_word' id='word_1_212' title='bbox 469 3430 635 3498; x_wconf 87' lang='lat' dir='ltr'>tamquam</span> <span class='ocrx_word' id='word_1_213' title='bbox 660 3412 715 3476; x_wconf 91' lang='lat' dir='ltr'>filii</span> <span class='ocrx_word' id='word_1_214' title='bbox 745 3415 831 3496; x_wconf 89' lang='lat' dir='ltr'>pacis</span> <span class='ocrx_word' id='word_1_215' title='bbox 863 3434 934 3476; x_wconf 85' lang='lat' dir='ltr'>vere</span> <span class='ocrx_word' id='word_1_216' title='bbox 965 3413 1125 3476; x_wconf 88' lang='lat' dir='ltr'>celebrant</span> 
     </span>
     <span class='ocr_line' id='line_1_30' title="bbox 134 3517 1125 3585; baseline -0.004 -2"><span class='ocrx_word' id='word_1_217' title='bbox 134 3522 245 3584; x_wconf 88' lang='lat' dir='ltr'>missas</span> <span class='ocrx_word' id='word_1_218' title='bbox 268 3540 353 3585; x_wconf 87' lang='lat' dir='ltr'>suas.</span> <span class='ocrx_word' id='word_1_219' title='bbox 377 3520 418 3581; x_wconf 87' lang='lat' dir='ltr'>Et</span> <span class='ocrx_word' id='word_1_220' title='bbox 434 3518 514 3581; x_wconf 90' lang='lat' dir='ltr'>circa</span> <span class='ocrx_word' id='word_1_221' title='bbox 540 3520 602 3580; x_wconf 93' lang='lat' dir='ltr'>hoc</span> <span class='ocrx_word' id='word_1_222' title='bbox 618 3519 733 3580; x_wconf 87' lang='lat' dir='ltr'>intenti</span> <span class='ocrx_word' id='word_1_223' title='bbox 751 3519 890 3581; x_wconf 90' lang='lat' dir='ltr'>dimissis</span> <span class='ocrx_word' id='word_1_224' title='bbox 906 3517 975 3579; x_wconf 87' lang='lat' dir='ltr'>aliis</span> <span class='ocrx_word' id='word_1_225' title='bbox 992 3517 1125 3581; x_wconf 88' lang='lat' dir='ltr'>sollicite</span> 
     </span>
     <span class='ocr_line' id='line_1_31' title="bbox 90 3623 1125 3709; baseline -0.006 -19"><span class='ocrx_word' id='word_1_226' title='bbox 90 3623 350 3708; x_wconf 82' lang='lat' dir='ltr'>3⁰studeremus3</span> <span class='ocrx_word' id='word_1_227' title='bbox 375 3646 451 3709; x_wconf 83' lang='lat' dir='ltr'>ergo</span> <span class='ocrx_word' id='word_1_228' title='bbox 476 3645 584 3707; x_wconf 89' lang='lat' dir='ltr'>perse</span> <span class='ocrx_word' id='word_1_229' title='bbox 609 3623 707 3687; x_wconf 87' lang='lat' dir='ltr'>finem</span> <span class='ocrx_word' id='word_1_230' title='bbox 733 3624 828 3687; x_wconf 88' lang='lat' dir='ltr'>huius</span> <span class='ocrx_word' id='word_1_231' title='bbox 852 3623 1125 3707; x_wconf 86' lang='lat' dir='ltr'>sacramentique</span> 
     </span>
    </p>
   </div>
   <div class='ocr_carea' id='block_1_3' title="bbox 133 3864 1125 4200">
    <p class='ocr_par' dir='ltr' id='par_1_3' title="bbox 133 3864 1125 4200">
     <span class='ocr_line' id='line_1_32' title="bbox 185 3864 1124 3922; baseline -0.003 -12"><span class='ocrx_word' id='word_1_232' title='bbox 185 3879 205 3910; x_wconf 68' lang='grc' dir='ltr'>π.</span> <span class='ocrx_word' id='word_1_233' title='bbox 222 3868 250 3911; x_wconf 80' lang='lat' dir='ltr'>lt:</span> <span class='ocrx_word' id='word_1_234' title='bbox 270 3868 317 3917; x_wconf 80' lang='lat' dir='ltr'>sic:</span> <span class='ocrx_word' id='word_1_235' title='bbox 335 3868 365 3910; x_wconf 86' lang='lat' dir='ltr'>ib.</span> <span class='ocrx_word' id='word_1_236' title='bbox 382 3866 412 3909; x_wconf 72' lang='lat' dir='ltr'>la&#39;:</span> <span class='ocrx_word' id='word_1_237' title='bbox 432 3866 550 3922; x_wconf 61' lang='lat' dir='ltr'>bltrsscme.</span> <span class='ocrx_word' id='word_1_238' title='bbox 612 3877 638 3909; x_wconf 85' lang='lat' dir='ltr'>rr.</span> <span class='ocrx_word' id='word_1_239' title='bbox 655 3865 707 3909; x_wconf 74' lang='lat' dir='ltr'>Dls&#39;:</span> <span class='ocrx_word' id='word_1_240' title='bbox 723 3865 888 3920; x_wconf 71' lang='lat' dir='ltr'>promittendo.</span> <span class='ocrx_word' id='word_1_241' title='bbox 950 3878 981 3917; x_wconf 75' lang='lat'>14·</span> <span class='ocrx_word' id='word_1_242' title='bbox 997 3864 1030 3907; x_wconf 81' lang='lat' dir='ltr'>ll:</span> <span class='ocrx_word' id='word_1_243' title='bbox 1049 3876 1124 3907; x_wconf 83' lang='lat' dir='ltr'>cumu-</span> 
     </span>
     <span class='ocr_line' id='line_1_33' title="bbox 133 3934 1123 3991; baseline -0.007 -10"><span class='ocrx_word' id='word_1_244' title='bbox 133 3940 190 3981; x_wconf 85' lang='lat' dir='ltr'>lant.</span> <span class='ocrx_word' id='word_1_245' title='bbox 247 3937 274 3980; x_wconf 77' lang='lat'>15.</span> <span class='ocrx_word' id='word_1_246' title='bbox 291 3937 321 3979; x_wconf 85' lang='lat' dir='ltr'>ll:</span> <span class='ocrx_word' id='word_1_247' title='bbox 336 3949 442 3991; x_wconf 55' lang='lat' dir='ltr'>pomerum</span> <span class='ocrx_word' id='word_1_248' title='bbox 456 3936 486 3979; x_wconf 82' lang='lat' dir='ltr'>E:</span> <span class='ocrx_word' id='word_1_249' title='bbox 502 3938 573 3978; x_wconf 83' lang='lat' dir='ltr'>deest.</span> <span class='ocrx_word' id='word_1_250' title='bbox 633 3936 663 3978; x_wconf 76' lang='lat' dir='ltr'>rb.</span> <span class='ocrx_word' id='word_1_251' title='bbox 678 3934 773 3978; x_wconf 68' lang='lat' dir='ltr'>auch:</span> <span class='ocrx_word' id='word_1_252' title='bbox 789 3935 928 3987; x_wconf 62' lang='grc' dir='ltr'>αηιίεειόηε,Ι</span> <span class='ocrx_word' id='word_1_253' title='bbox 942 3935 972 3977; x_wconf 90' lang='lat' dir='ltr'>ib.</span> <span class='ocrx_word' id='word_1_254' title='bbox 989 3935 1020 3977; x_wconf 86' lang='lat' dir='ltr'>u:</span> <span class='ocrx_word' id='word_1_255' title='bbox 1036 3939 1123 3977; x_wconf 85' lang='lat' dir='ltr'>artant.</span> 
     </span>
     <span class='ocr_line' id='line_1_34' title="bbox 133 4003 1123 4062; baseline -0.006 -11"><span class='ocrx_word' id='word_1_256' title='bbox 133 4020 163 4051; x_wconf 78' lang='lat'>21.</span> <span class='ocrx_word' id='word_1_257' title='bbox 183 4007 257 4052; x_wconf 79' lang='lat' dir='ltr'>ABC:</span> <span class='ocrx_word' id='word_1_258' title='bbox 278 4013 412 4062; x_wconf 81' lang='lat' dir='ltr'>procurent.</span> <span class='ocrx_word' id='word_1_259' title='bbox 482 4009 526 4049; x_wconf 71' lang='lat'>⁴22.</span> <span class='ocrx_word' id='word_1_260' title='bbox 549 4005 622 4047; x_wconf 74' lang='lat' dir='ltr'>Alte:</span> <span class='ocrx_word' id='word_1_261' title='bbox 645 4016 695 4047; x_wconf 86' lang='lat' dir='ltr'>cnm</span> <span class='ocrx_word' id='word_1_262' title='bbox 718 4005 790 4047; x_wconf 87' lang='lat' dir='ltr'>dccst.</span> <span class='ocrx_word' id='word_1_263' title='bbox 872 4003 904 4048; x_wconf 78' lang='lat' dir='ltr'>ai.</span> <span class='ocrx_word' id='word_1_264' title='bbox 929 4003 1022 4048; x_wconf 74' lang='lat' dir='ltr'>AUCE:</span> <span class='ocrx_word' id='word_1_265' title='bbox 1046 4004 1123 4047; x_wconf 79' lang='lat' dir='ltr'>edunt.</span> 
     </span>
     <span class='ocr_line' id='line_1_35' title="bbox 133 4075 1125 4133; baseline -0.006 -11"><span class='ocrx_word' id='word_1_266' title='bbox 133 4090 168 4130; x_wconf 71' lang='lat'>24.</span> <span class='ocrx_word' id='word_1_267' title='bbox 188 4078 221 4121; x_wconf 89' lang='lat' dir='ltr'>D:</span> <span class='ocrx_word' id='word_1_268' title='bbox 240 4090 284 4133; x_wconf 86' lang='lat' dir='ltr'>per</span> <span class='ocrx_word' id='word_1_269' title='bbox 303 4078 389 4121; x_wconf 79' lang='lat' dir='ltr'>nrrcndr&#39;.</span> <span class='ocrx_word' id='word_1_270' title='bbox 472 4077 502 4119; x_wconf 76' lang='lat'>25.</span> <span class='ocrx_word' id='word_1_271' title='bbox 523 4075 611 4118; x_wconf 74' lang='lat' dir='ltr'>codd:</span> <span class='ocrx_word' id='word_1_272' title='bbox 633 4076 717 4125; x_wconf 81' lang='lat' dir='ltr'>edent;</span> <span class='ocrx_word' id='word_1_273' title='bbox 738 4076 768 4118; x_wconf 88' lang='lat' dir='ltr'>ib.</span> <span class='ocrx_word' id='word_1_274' title='bbox 790 4075 820 4117; x_wconf 80' lang='lat' dir='ltr'>E:</span> <span class='ocrx_word' id='word_1_275' title='bbox 842 4076 947 4118; x_wconf 79' lang='lat' dir='ltr'>lacerant</span> <span class='ocrx_word' id='word_1_276' title='bbox 965 4075 1001 4118; x_wconf 82' lang='lat' dir='ltr'>vel</span> <span class='ocrx_word' id='word_1_277' title='bbox 1018 4075 1125 4125; x_wconf 81' lang='lat' dir='ltr'>turbant,-</span> 
     </span>
     <span class='ocr_line' id='line_1_36' title="bbox 134 4143 1122 4200; baseline -0.005 -9"><span class='ocrx_word' id='word_1_278' title='bbox 134 4148 165 4191; x_wconf 85' lang='lat' dir='ltr'>D:</span> <span class='ocrx_word' id='word_1_279' title='bbox 185 4149 286 4191; x_wconf 81' lang='lat' dir='ltr'>trudent.</span> <span class='ocrx_word' id='word_1_280' title='bbox 354 4158 387 4200; x_wconf 82' lang='lat'>27.</span> <span class='ocrx_word' id='word_1_281' title='bbox 404 4147 436 4189; x_wconf 77' lang='lat' dir='ltr'>ll:</span> <span class='ocrx_word' id='word_1_282' title='bbox 456 4146 596 4188; x_wconf 79' lang='lat' dir='ltr'>didicerant.</span> <span class='ocrx_word' id='word_1_283' title='bbox 664 4156 700 4200; x_wconf 86' lang='lat'>²9·</span> <span class='ocrx_word' id='word_1_284' title='bbox 716 4144 747 4188; x_wconf 75' lang='lat' dir='ltr'>li:</span> <span class='ocrx_word' id='word_1_285' title='bbox 767 4146 830 4188; x_wconf 79' lang='lat' dir='ltr'>circa</span> <span class='ocrx_word' id='word_1_286' title='bbox 845 4146 909 4187; x_wconf 85' lang='lat' dir='ltr'>illud.</span> <span class='ocrx_word' id='word_1_287' title='bbox 976 4143 1012 4187; x_wconf 80' lang='lat'>30.</span> <span class='ocrx_word' id='word_1_288' title='bbox 1027 4144 1122 4189; x_wconf 78' lang='lat' dir='ltr'>ABCD:</span> 
     </span>
    </p>
   </div>
   <div class='ocr_carea' id='block_1_4' title="bbox 132 4218 258 4262">
    <p class='ocr_par' dir='ltr' id='par_1_4' title="bbox 132 4218 258 4262">
     <span class='ocr_line' id='line_1_37' title="bbox 132 4218 258 4262; baseline -0.008 -2"><span class='ocrx_word' id='word_1_289' title='bbox 132 4218 258 4262; x_wconf 81' lang='lat' dir='ltr'>studemus.</span> 
     </span>
    </p>
   </div>
   <div class='ocr_carea' id='block_1_5' title="bbox 188 4378 732 4442">
    <p class='ocr_par' dir='ltr' id='par_1_5' title="bbox 188 4378 732 4442">
     <span class='ocr_line' id='line_1_38' title="bbox 188 4378 732 4442; baseline -0.006 -14"><span class='ocrx_word' id='word_1_290' title='bbox 188 4379 210 4428; x_wconf 74' lang='lat'>5.</span> <span class='ocrx_word' id='word_1_291' title='bbox 238 4381 298 4428; x_wconf 73' lang='lat' dir='ltr'>alal.</span> <span class='ocrx_word' id='word_1_292' title='bbox 317 4380 346 4430; x_wconf 89' lang='lat' dir='ltr'>ll.</span> <span class='ocrx_word' id='word_1_293' title='bbox 367 4394 390 4428; x_wconf 81' lang='lat'>2.</span> <span class='ocrx_word' id='word_1_294' title='bbox 464 4395 503 4427; x_wconf 61' lang='grc' dir='ltr'>τι.</span> <span class='ocrx_word' id='word_1_295' title='bbox 529 4380 545 4426; x_wconf 90' lang='grc' dir='ltr'>Ι.</span> <span class='ocrx_word' id='word_1_296' title='bbox 566 4379 627 4426; x_wconf 78' lang='lat' dir='ltr'>Cor.</span> <span class='ocrx_word' id='word_1_297' title='bbox 646 4378 732 4442; x_wconf 73' lang='lat' dir='ltr'>h&#39;,17.</span> 
     </span>
    </p>
   </div>
   <div class='ocr_carea' id='block_1_6' title="bbox 0 0 1528 4920">
    <p class='ocr_par' dir='ltr' id='par_1_6' title="bbox 0 0 1528 4920">
     <span class='ocr_line' id='line_1_39' title="bbox 0 0 1528 4920; baseline 0 3"><span class='ocrx_word' id='word_1_298' title='bbox 0 0 1528 4920; x_wconf 95' lang='lat' dir='ltr'> </span> 
     </span>
    </p>
   </div>
  </div>
 </body>
</html>
