3046 4920
141 437 209 483 cnr.
226 422 299 513 vin]
485 437 531 488 ur:
551 431 791 485 euctrnnrsrta.

142 620 215 664 cum
241 600 329 662 Deus
352 608 463 680 posset
491 589 685 654 annichilare
708 589 868 672 posterius
891 585 942 675 (ut
965 584 1131 672 inquiunt)

140 717 267 769 servato
299 700 417 786 priori;
455 698 505 761 vel
543 695 631 759 enim
662 706 791 778 oportet
823 694 897 757 dare
930 692 1132 756 materialem

140 808 355 873 substanciam
385 804 454 867 sine
486 801 541 865 tali
569 799 747 886 quantitate
774 798 907 863 limitata
935 799 985 861 vel
1014 800 1039 861 si
1068 797 1131 861 hoc

141 934 206 976 non
232 925 340 995 potest
364 908 560 989 contingere,
589 921 665 969 tunc
687 903 846 988 quantitas
870 902 941 966 talis
965 913 1012 964 est
1034 904 1130 985 longe

115 1017 226 1102 §prior
250 1012 404 1079 materiali
430 1010 624 1074 substancia.
658 1009 743 1073 Deus
776 1009 862 1071 enim
890 1005 940 1093 (ut
964 1005 1130 1091 inquiunt)

139 1134 248 1207 potest
281 1117 472 1182 miraculose
502 1134 625 1180 servare
649 1114 860 1201 quantitatem
882 1112 949 1175 sine
972 1111 1128 1175 materiali

139 1223 337 1303 substancia,
355 1242 419 1285 non
437 1234 579 1302 econtra,
596 1233 627 1284 et
642 1219 687 1283 sic
701 1218 924 1303 videturquod
940 1219 979 1280 ad
995 1237 1128 1280 omnem

139 1345 298 1416 punctum
324 1326 437 1389 mundi
462 1326 608 1389 relictum
632 1323 713 1388 soret
736 1323 897 1387 infinitum
922 1322 1061 1386 multum
1089 1323 1129 1384 de

139 1455 253 1516 vacuo,
277 1452 353 1496 cum
370 1432 457 1495 Deus
482 1427 532 1517 (ut
555 1426 720 1515 inquiunt)
744 1444 852 1513 posset
873 1447 992 1511 ponere
1015 1427 1047 1490 in
1065 1427 1128 1491 situ

98 1539 230 1609 roistius
259 1536 372 1602 mundi
402 1535 529 1600 infinita
556 1554 689 1618 corpora
721 1548 752 1598 et
784 1534 844 1597 alia
878 1552 940 1618 que
974 1545 1128 1617 poterunt

137 1662 250 1729 perse
274 1661 345 1706 esse
368 1640 531 1704 infinitum
557 1639 733 1723 disparium
756 1640 934 1722 specierum
952 1651 982 1702 et
998 1637 1128 1702 cuilibet

138 1750 270 1813 illorum
298 1759 461 1830 oporteret
490 1746 565 1809 dare
592 1745 700 1809 locum
728 1744 905 1828 proprium.
937 1744 1010 1807 Non
1041 1743 1128 1805 enim

139 1866 185 1917 est
216 1853 307 1916 locus
339 1851 429 1935 prius
464 1863 578 1914 natura
609 1869 708 1934 quam
740 1849 912 1932 corporalis
945 1847 1128 1911 substancia

137 1960 193 2022 sed
221 1969 363 2041 econtra,
397 1955 471 2019 ideo
505 1975 570 2018 non
599 1967 647 2018 est
672 1954 823 2038 possibile
851 1955 989 2016 eundem
1018 1954 1127 2016 locum

96 2063 169 2131 isin
194 2081 330 2126 numero
353 2060 516 2144 suscipere
539 2058 678 2123 vicissim
702 2059 861 2148 quotlibet
883 2059 1003 2142 species
1027 2074 1126 2123 mate·

138 2166 222 2231 rialis
237 2150 431 2247 substancie,
455 2165 630 2230 formarum
645 2163 904 2229 substancialium
927 2177 959 2228 et
981 2164 1127 2228 acciden-

137 2273 260 2354 talium,
288 2271 365 2356 quia
397 2288 474 2335 tunc
507 2270 589 2334 foret
615 2271 705 2335 locus
734 2289 887 2353 vacuum;
919 2270 1007 2353 quod
1039 2270 1125 2332 Deus

139 2397 204 2441 non
228 2389 338 2459 posset
362 2396 491 2440 movere
521 2378 692 2458 precedens
719 2375 828 2438 omnia
856 2376 926 2438 ista.
960 2373 1022 2438 Sed
1047 2375 1125 2458 quid

138 2482 271 2547 stulcius
300 2496 355 2546 aut
384 2480 555 2545 infidelius.
587 2480 724 2565 Oportet
746 2501 821 2564 ergo
844 2500 940 2543 omne
969 2480 1125 2543 situatum

93 2609 193 2673 anper
216 2609 250 2652 se
273 2587 426 2671 possibile
448 2586 565 2651 habere
588 2587 687 2651 situm
708 2587 874 2670 proprium
896 2585 950 2670 qui
972 2601 1019 2650 est
1036 2586 1125 2648 illam

136 2692 312 2759 essenciam
336 2694 446 2759 situati
465 2691 515 2779 (ut
533 2713 618 2757 nunc
634 2689 851 2778 supponitur).
876 2692 916 2755 Et
931 2705 1018 2775 patet
1034 2693 1123 2776 quod

135 2800 276 2864 secunda
314 2822 388 2883 pars
427 2800 559 2864 maioris
596 2813 758 2883 assumpte
795 2800 836 2862 sit
869 2798 944 2861 falsa
976 2817 1034 2861 nec
1066 2818 1125 2880 per

136 2907 296 2970 minorem
320 2907 465 2988 probata.

180 3013 220 3075 Et
243 3027 402 3097 quantum
430 3013 469 3073 ad
501 3011 652 3074 miracula
681 3008 731 3096 (ut
754 3013 893 3074 secundo
917 3022 1060 3073 narratur
1084 3011 1122 3072 de

93 3128 123 3180 25
136 3120 229 3182 beato
257 3117 455 3203 Ambrosio),
489 3118 605 3182 dicitur
635 3118 724 3201 quod
756 3130 822 3179 tam
853 3116 959 3199 quoad
994 3131 1122 3199 tempus

135 3244 233 3307 quam
272 3225 383 3306 quoad
423 3221 528 3285 visum
569 3237 674 3306 potest
705 3243 771 3285 esse
803 3221 964 3304 decepcio.
1004 3221 1122 3298 Quoad

136 3344 276 3411 tempus,
316 3328 392 3412 quia
432 3327 522 3391 facile
562 3327 719 3411 contingit
757 3328 904 3389 homines
943 3347 1045 3389 errare
1083 3328 1122 3389 de

135 3434 347 3518 ydemptitate
371 3433 534 3514 instantis;
557 3434 646 3517 quod
669 3447 754 3516 patet
777 3454 813 3496 ex
838 3432 899 3494 hoc
922 3433 1010 3516 quod
1027 3453 1123 3495 nemo

135 3540 193 3602 scit
218 3552 330 3603 notare
360 3554 568 3622 permotum
597 3538 647 3599 vel
675 3559 803 3601 sensum
833 3538 973 3621 primum
1003 3538 1123 3601 instans

92 3656 125 3708 30
135 3645 184 3707 vel
201 3644 345 3706 medium
363 3643 492 3706 dicive!
510 3643 664 3725 temporis
674 3660 683 3725 ;
700 3645 868 3726 quomodo
884 3663 960 3725 ergo
976 3657 1123 3706 notarent

135 3751 250 3814 diversi
276 3751 424 3812 homines
447 3749 478 3811 in
504 3750 582 3812 locis
608 3749 797 3812 distantibus
820 3750 909 3832 quod
933 3771 990 3832 pro
1008 3750 1121 3812 eodem

135 3856 263 3918 instanti
293 3876 409 3937 corpus
438 3854 521 3916 beati
546 3854 708 3916 Ambrosii
737 3854 777 3916 sit
805 3854 854 3916 hic
879 3869 908 3916 et
932 3851 993 3916 ibi?
1027 3856 1066 3917 Et
1091 3856 1120 3916 in

176 4115 204 4175 ’3.
216 4131 290 4175 ABC:
305 4132 388 4184 lr'nitu,·
403 4132 455 4175 DE:
470 4131 563 4175 lr'rrt'ata.
606 4143 631 4174 tr.
647 4131 678 4174 C:
694 4143 744 4174 esse
753 4132 796 4174 alia
808 4143 885 4174 manu.
928 4143 956 4174 ta.
969 4131 997 4174 lt:
1013 4133 1120 4175 istorum.

133 4199 162 4245 13.
177 4201 252 4245 ABC:
267 4202 418 4245 naturaliter.
466 4201 492 4245 15.
509 4201 539 4245 E:
554 4201 654 4244 vicissim
668 4202 739 4244 deest.
781 4203 812 4244 ni.
828 4201 900 4244 nuC:
916 4202 971 4250 suh·
985 4201 1016 4244 C:
1031 4204 1123 4245 stuncr'c

132 4271 176 4313 alia
192 4283 262 4314 manu
279 4270 351 4313 addit.
412 4284 444 4326 tn.
460 4272 491 4315 C:
511 4271 631 4314 stultitius.
693 4283 722 4315 at.
738 4271 830 4315 nucu:
850 4272 912 4326 quin.
974 4282 1007 4314 aa.
1024 4271 1053 4313 E:
1073 4277 1122 4322 est,-

132 4340 163 4382 ib.
179 4342 232 4384 nu:
251 4353 296 4396 per
314 4342 385 4383 deest.
467 4342 499 4384 25.
519 4341 549 4383 E:
570 4347 616 4384 tum
636 4342 706 4384 deest.
787 4343 820 4384 28.
842 4342 873 4383 ll:
889 4342 1123 4397 ιγάιηηρτιγῐτα(ιόνισ,·

132 4411 163 4453 ib.
180 4411 209 4453 la':
225 4411 281 4464 quia
296 4423 371 4453 uerno.
427 4423 462 4464 29-
479 4412 510 4454 ll:
526 4413 561 4454 sic
574 4417 663 4455 notare.
718 4410 750 4455 32.
766 4413 797 4457 C:
814 4413 850 4454 rel
863 4413 900 4454 rbi.

1178 3020 1213 3063 As
1228 3027 1251 3063 to
1265 3020 1303 3063 tltc

1151 3072 1246 3116 miraclc
1261 3074 1325 3117 tltcrc

1151 3137 1205 3181 may
1220 3125 1247 3168 bc
1263 3138 1328 3168 snmc

1145 3178 1244 3240 mistultc
1258 3179 1330 3222 about

1222 3240 1252 3285 ης
