3046 4920
638 450 684 503 DE
703 448 937 504 uucflaatsrta

294 609 382 690 quod
412 608 520 693 querit
548 609 589 671 de
621 609 756 673 veritate
788 612 958 673 verborum
992 604 1283 685 sacramentalium,

294 713 427 795 quando
450 712 637 796 proposicio
659 727 708 776 ert
728 734 802 775 vera
826 728 857 776 et
880 733 981 798 quare
1004 730 1069 774 non
1092 709 1189 771 debet
1204 728 1282 771 con·

293 818 363 879 cedi
387 818 476 902 quod
493 816 639 902 quelibet
653 830 798 880 creatura
815 831 863 879 est
879 816 1040 893 Christus,
1066 827 1098 876 et
1113 813 1283 898 quomodo

294 921 382 985 nulla
407 920 511 985 forma
535 922 707 983 verborum
724 933 772 983 est
789 920 829 982 ad
846 920 1088 983 conleccionem
1100 916 1282 981 Eukaristie

294 1025 475 1088 necessario
500 1023 661 1109 requisita,
685 1037 718 1086 et
738 1023 903 1107 quomodo
926 1036 1066 1106 quatuor
1089 1021 1309 1105 evangeliste5

293 1129 429 1209 variant,
446 1142 479 1192 et
494 1128 664 1212 quomodo
687 1127 821 1190 ecclesia
837 1128 869 1189 in
886 1126 998 1189 multis
1020 1127 1099 1190 locis
1115 1126 1173 1190 dat
1187 1125 1283 1210 quin·

293 1246 365 1296 tum
389 1234 525 1296 modum
548 1230 705 1307 variandi,
728 1244 760 1294 et
775 1232 942 1314 quomodo
958 1229 1149 1312 postpositis
1167 1230 1284 1293 ritibus

292 1339 404 1401 estad
429 1336 625 1400 sentenciam
650 1335 893 1401 attendendum.
924 1335 1042 1397 Tercio
1065 1333 1284 1417 principaliter

292 1442 394 1505 obicit
427 1440 597 1523 tripliciter
623 1453 655 1503 et
687 1438 843 1520 dissolvit,
875 1439 983 1522 primo
1016 1438 1184 1522 quomodo
1215 1456 1282 1501 non

292 1545 462 1630 sequimur
484 1543 653 1609 Christum
677 1542 878 1608 conficiendo
903 1557 935 1607 et
957 1543 1116 1608 sumendo
1140 1542 1282 1606 hostium
1296 1584 1330 1621 m

292 1649 324 1711 in
348 1650 549 1731 prandendo,
574 1649 718 1713 secundo
741 1648 841 1713 obicit
862 1668 920 1732 per
943 1648 1004 1711 hoc
1026 1648 1115 1733 quod
1132 1646 1284 1710 Christus

294 1752 388 1837 fregit
400 1772 518 1836 panem
529 1767 703 1837 antequam
720 1754 926 1817 consecrarit.
944 1753 1283 1816 Etdissolvitnarrans

293 1877 422 1921 causam
446 1858 605 1941 triplicem
629 1877 730 1941 quare
754 1858 892 1940 Spiritus
916 1857 1055 1921 Sanctus
1077 1858 1124 1919 sic
1145 1854 1282 1919 variavit

293 1961 325 2023 in
358 1960 425 2024 suis
458 1960 661 2044 evangelistis
694 1976 726 2025 et
752 1982 853 2045 quare
885 1962 1090 2045 singulariter
1122 1961 1155 2024 in
1185 1962 1282 2024 bene·

293 2066 438 2129 dictione
466 2066 574 2129 calicis
597 2064 633 2130 lit
655 2067 782 2130 mencio
810 2067 850 2129 de
878 2079 1081 2130 testamento.
1113 2065 1156 2128 Et
1183 2064 1327 2145 tercio„

292 2170 392 2234 obicit
416 2190 473 2253 per
501 2170 563 2234 hoc
586 2171 675 2255 quod
703 2170 813 2255 laycus
836 2171 966 2234 videtur
994 2188 1088 2253 posse
1112 2168 1284 2252 conficere3

292 2274 324 2336 in
342 2294 406 2359 qua
432 2276 570 2338 materia
594 2276 765 2359 distinguit
789 2276 828 2338 de
851 2295 956 2359 posse,
984 2275 1133 2359 explanat
1156 2288 1285 2338 senten·

293 2379 377 2441 ciam
394 2379 478 2441 beati
491 2378 669 2457 Ambrosii,
687 2393 720 2443 et
734 2379 959 2444 descendendo
974 2380 1014 2441 ad
1032 2394 1097 2442 tres
1114 2378 1284 2461 opiniones

292 2502 374 2566 quas
398 2482 511 2546 recitat
534 2483 666 2547 ecclesia
691 2482 749 2547 1110
774 2484 991 2548 Decretalium
1020 2484 1143 2546 invehit
1170 2496 1283 2546 contra

293 2587 361 2649 illas
398 2601 430 2649 et
468 2589 625 2671 preponit
662 2589 857 2652 sentenciam
890 2589 1036 2652 Romane
1076 2588 1207 2651 ecclesie
1246 2608 1329 2666 exp,

292 2692 461 2754 sanctitate
495 2706 526 2755 et
554 2691 642 2755 facto
668 2694 852 2777 Beringarii‚
886 2710 916 2757 et
944 2694 1109 2755 redeundo
1142 2693 1285 2756 declarat

292 2798 464 2880 quomodo
488 2811 619 2879 oportet
642 2817 891 2880 precognoscere
915 2798 1123 2881 questionem
1140 2798 1219 2882 quid
1237 2815 1285 2861 est

292 2902 332 2963 de
361 2902 467 2965 hostia
499 2915 675 2984 antequam
704 2916 878 2965 noscantur
905 2904 968 2965 due
998 2901 1057 2966 alie
1086 2901 1283 2986 questiones,

293 3022 323 3068 et
355 3005 400 3068 sic
432 3006 575 3069 ostendit
608 3007 698 3089 quod
732 3027 797 3070 non
829 3021 955 3070 tantum
991 3008 1074 3070 valet
1110 3008 1205 3070 missa
1233 3009 1284 3071 rel

294 3111 398 3173 hostia
423 3112 601 3175 sacerdotis
625 3111 753 3194 reprobi
778 3126 813 3175 ut
840 3113 960 3176 devoti.
1296 3140 1328 3191 23

337 3213 528 3297 Capitulum
556 3215 707 3299 quintum
737 3216 866 3299 replicat
894 3219 934 3280 de
961 3218 1131 3281 locucione
1160 3220 1282 3301 tropica

293 3320 473 3382 secundum
498 3321 674 3383 modernos
697 3321 845 3384 doctores
868 3336 899 3385 et
923 3322 1030 3385 solvit.
1061 3323 1213 3387 Secundo
1238 3344 1284 3385 re·

294 3424 389 3506 plicat
422 3444 478 3506 per
510 3424 659 3488 doctores
692 3426 888 3510 antiquiores
917 3440 947 3489 et
979 3428 1085 3510 solvit,
1121 3428 1163 3490 ita
1197 3429 1284 3511 quod

294 3528 397 3610 tangit
421 3529 528 3610 primo
553 3528 699 3608 Scotum,
725 3529 900 3593 Henricum
925 3546 955 3593 et
971 3532 1142 3594 dominum
1167 3538 1284 3595 Arma-

292 3633 443 3714 chanum,
478 3634 532 3695 ubi
565 3635 659 3698 docet
696 3634 864 3717 tripliciter
895 3637 984 3719 quod
1021 3637 1084 3699 hoc
1118 3638 1282 3700 decretum
1295 3664 1329 3715 30

293 3737 367 3821 Ego
390 3736 612 3821 Berirrgariua
638 3760 703 3802 non
728 3753 775 3803 est
798 3741 998 3823 abrogatum.
1030 3741 1093 3803 Sed
1118 3757 1192 3823 post
1214 3756 1283 3805 tan·

347 3936 362 3968 r.
378 3923 410 3967 ll:
431 3924 496 3980 quud
508 3926 590 3981 quasit.
670 3936 690 3969 a.
706 3925 738 3969 ll:
758 3927 860 3982 quatitur
869 3928 1022 3983 propnricim·
1039 3928 1070 3972 ib.
1086 3929 1119 3972 ll:
1139 3936 1163 3973 et
1176 3931 1285 3986 qualiter.

293 3994 315 4036 ti.
330 3991 362 4036 C:
376 3998 399 4036 et
413 3993 436 4036 in
453 4005 527 4049 marg.
542 3993 585 4037 alia
601 4006 684 4048 manu;
704 3995 734 4038 ib.
750 3994 781 4039 ll:
797 4008 843 4052 quo
858 3997 968 4048 accitam,-
986 3997 1017 4040 ib.
1034 3997 1285 4057 demetriumque.

292 4074 313 4117 7.
329 4061 362 4105 ll:
382 4063 465 4106 ritibus
478 4063 550 4106 deest.
624 4075 655 4107 ro.
669 4063 764 4108 Autrss:
784 4066 896 4122 requitur.
969 4065 998 4110 13.
1015 4067 1047 4111 tt:
1066 4069 1170 4123 qualiter
1183 4069 1287 4124 Spiritus

292 4131 407 4183 Sanctum
420 4132 452 4175 ib.
464 4131 496 4175 ll:
507 4144 532 4176 se
541 4132 652 4177 rartavtr.
694 4146 727 4186 ¹4.
738 4134 770 4177 D:
785 4139 809 4178 et
817 4136 926 4191 qualiter.
970 4136 997 4179 rs.
1007 4137 1102 4188 cauca,-
1116 4136 1147 4180 E:
1163 4138 1187 4181 irr
1196 4139 1285 4194 atiquo.

292 4211 328 4243 ao.
349 4200 382 4244 D:
401 4201 530 4257 proponit:
552 4202 584 4245 ib.
603 4201 634 4247 E:
656 4202 758 4248 Romane
775 4205 847 4249 carie.
921 4216 955 4248 aa.
975 4204 1029 4249 AB:
1050 4206 1193 4261 questionem
1212 4208 1284 4252 deest.

293 4269 326 4313 25.
350 4269 424 4314 AllC:
447 4273 602 4316 sacramentis
624 4273 700 4328 (error
721 4281 746 4317 ut
769 4273 860 4318 videtur
882 4275 1001 4331 legentis);
1028 4275 1060 4319 ib.
1086 4275 1116 4319 u:
1140 4277 1178 4320 ret
1198 4277 1285 4322 deroti.

293 4350 326 4391 ²7·
346 4338 378 4384 C:
400 4345 424 4384 et
440 4341 511 4384 satuit
528 4342 552 4385 in
572 4354 646 4398 marg.
665 4342 708 4386 alia
729 4355 807 4387 manu.
874 4355 911 4400 an.
929 4342 965 4388 3ο.
988 4344 1061 4390 tren:
1083 4346 1287 4398 Aramaclarrurrrr

292 4407 323 4452 li:
339 4410 522 4454 Ardaracaaam.
538 4414 558 4455 Α
574 4412 597 4455 in
613 4424 687 4468 marg.
701 4413 745 4456 ulis
761 4425 844 4457 manu:
857 4412 1028 4458 Armielrannm.
