3046 4920
201 439 270 486 exa.
285 424 348 515 tir]
545 443 591 496 nn
610 441 856 495 eucuxmsrm.

201 600 335 663 istorum
352 601 392 663 sit
409 599 569 672 Christus,
587 597 716 660 videtur
731 598 819 680 quod
835 595 1093 680 ydemptificacio
1110 599 1193 660 mul·

202 721 309 767 torum
333 706 434 766 eciam
456 703 661 764 diversorum
685 700 716 762 in
733 721 847 783 genere
871 701 910 764 sit
926 703 1001 764 satis
1019 703 1192 784 possibilis.

201 808 307 870 Minor
334 808 460 869 videtur
491 824 529 867 ex
553 805 616 866 hoc
640 806 730 887 quod
759 825 797 867 ex
821 804 932 867 ultima
956 807 1414 887 protestacionenrnncecurin

1203 872 1223 916 is
1234 873 1272 917 tlre
1282 882 1414 918 sacrament

200 912 374 991 Beringarii
403 925 434 973 et
461 906 711 972 confirmacione
735 909 882 972 Romane
911 910 1042 971 ecclesie
1071 929 1190 993 corpus
1230 925 1386 1023 lphpppeqpe

174 1015 318 1078 5Christi
350 1029 398 1077 est
427 1016 460 1076 in
489 1014 544 1076 illo
573 1027 776 1076 sacramento
804 1012 952 1076 sensibile
979 1029 1009 1076 et
1038 1014 1077 1076 de
1106 1013 1191 1078 lacto
1225 1030 1390 1075 attenuans

198 1119 275 1182 illud
300 1133 539 1182 sacramentum
563 1117 614 1202 (ut
635 1118 781 1202 loquitur
796 1119 952 1202 scriptura
974 1137 1050 1180 cum
1072 1119 1190 1181 sanctis
1224 1083 1388 1180 miilsissli5⁶¹

196 1221 406 1306 doctoribus).
432 1223 521 1300 Quid
546 1243 625 1305 erpo
647 1225 728 1287 foret
750 1223 776 1286 si
800 1243 865 1286 non
888 1223 1014 1298 albedo,
1038 1222 1192 1285 rumille

197 1327 236 1389 sit
259 1327 527 1410 perfectissimum
551 1327 709 1406 accidens,
743 1327 861 1390 ibidem
886 1326 1025 1389 maxime
1054 1328 1189 1410 propin·

196 1451 295 1514 quum
320 1432 495 1494 intellectui
519 1444 555 1493 ut
579 1430 624 1492 sic
647 1427 796 1512 signum?

156 1557 185 1590 ¹0
239 1537 328 1613 Item,
363 1555 438 1598 cum
467 1535 546 1597 illud
576 1550 814 1598 sacramentum
842 1536 882 1599 sit
910 1536 1034 1599 visibile
1062 1536 1111 1598 vel
1141 1550 1189 1598 est
1230 1547 1379 1597 xvc-seeun-

1203 1611 1342 1650 sacrament.
1357 1607 1402 1649 und

194 1641 309 1702 albedo
326 1640 375 1701 vel
392 1641 514 1722 album,
538 1640 594 1700 sed
618 1658 683 1701 non
704 1653 751 1702 est
767 1640 893 1719 album;
917 1660 992 1720 ergo
1009 1654 1057 1702 est
1073 1640 1188 1702 albedo
1202 1654 1403 1753 ehipepqqnneeor

196 1763 251 1824 per
271 1762 304 1805 se
320 1742 463 1823 visibilis,
488 1763 553 1806 non
571 1745 733 1826 quantitas
751 1757 786 1807 ut
801 1743 991 1825 magnitudo
1007 1747 1056 1807 sel
1073 1763 1186 1826 super·
1220 1759 1384 1858 ssff,¹'}{‘,'¹,‘⁸„⁵„

195 1846 290 1922 ficies,
327 1849 376 1909 vel
409 1867 475 1908 non
505 1861 553 1909 est
581 1848 642 1910 hoc
670 1850 788 1933 solum,
821 1850 895 1932 quia
925 1863 1029 1930 potest
1058 1862 1407 1962 ¹¹²⁸¹¹“‘¹i!¹,¹¹},tffi{{,2}}¹⁸¹

194 1952 277 2013 idem
301 1952 410 2014 album
434 1951 618 2034 quantitate
641 1953 773 2028 variata,
805 1966 839 2015 ut
869 1967 954 2035 patet
984 1954 1023 2014 de
1047 1953 1370 2041 maiora-wrncnxnaeea
1386 1971 1406 2014 rs

154 2056 283 2117 ticione
312 2057 362 2118 vel
389 2056 611 2119 minoracione
647 2057 836 2120 sacramenti
867 2056 899 2118 in
932 2058 1039 2136 calice,
1072 2077 1186 2142 ymmo
1261 2020 1341 2066 uhu*

192 2174 425 2223 sacramentum
449 2161 510 2223 sub
534 2161 636 2224 forma
661 2161 764 2244 panis,
786 2161 869 2223 sicut
885 2177 993 2244 potest
1017 2161 1128 2224 variari
1153 2162 1185 2223 in

191 2265 346 2338 albedine,
370 2264 415 2326 sic
432 2279 539 2347 potest
556 2286 613 2347 per
635 2266 886 2348 exspiracionem
904 2265 1016 2327 variari
1035 2267 1065 2326 in
1083 2285 1185 2348 quan·

192 2370 290 2432 litate.
316 2368 405 2431 Sicut
422 2388 500 2450 ergo
516 2370 681 2452 quantitas
698 2390 755 2452 per
776 2389 811 2431 se
834 2371 971 2431 existens
988 2384 1036 2431 est
1052 2383 1186 2453 quanta,

192 2474 235 2536 sic
259 2471 374 2536 albedo
390 2494 448 2556 per
471 2494 505 2535 se
530 2473 667 2536 existens
691 2487 738 2536 est
761 2474 843 2552 alba,
867 2473 943 2556 quia
967 2474 1057 2536 aliter
1072 2494 1185 2536 sensus

150 2578 286 2641 aonimis
319 2581 521 2662 deciperetur
551 2579 584 2640 in
623 2581 819 2656 sensatione,
857 2599 931 2642 cum
971 2581 1059 2662 prius
1097 2580 1185 2642 videt

191 2684 298 2746 album
328 2703 428 2765 quam
457 2685 637 2746 albedinem
667 2684 699 2744 in
728 2687 900 2763 abstracto,
932 2685 1006 2766 quia
1040 2684 1103 2745 hoc
1136 2701 1184 2746 est

192 2790 316 2850 virtutis
340 2790 531 2851 abstractive
556 2789 748 2850 discernere.

232 2893 324 2971 Item,
355 2892 441 2955 nulla
473 2893 533 2954 alia
558 2893 696 2975 qualitas
720 2892 897 2954 coexistens
921 2890 1117 2955 informatur
1140 2895 1182 2957 al·
1194 2898 1330 2964 turinnes,
1343 2904 1401 2949 dos-s

190 2999 313 3073 bedine,
343 2997 418 3079 quia
448 2996 510 3058 hoc
536 2995 620 3059 soret
645 2996 810 3078 potissime
834 2997 969 3079 qualitas
999 2998 1116 3078 prima,
1145 2962 1401 3067 exangflieiniouitliuu

146 3105 249 3182 23qua
275 3103 406 3164 resultat
435 3100 562 3162 albedo.
597 3100 659 3163 Sed
689 3100 761 3182 quis
789 3100 865 3162 dicit
895 3103 981 3183 quod
1011 3101 1182 3183 qualitates

188 3206 395 3267 elementares
423 3219 499 3266 sunt
527 3204 572 3266 sic
602 3200 764 3267 colorate?
797 3205 891 3266 Tunc
929 3205 1013 3266 enim
1048 3205 1182 3288 quilibet

187 3328 298 3371 sensus
316 3309 492 3391 perciperet
510 3308 683 3389 qualitates
702 3309 871 3389 tangibiles
895 3322 925 3370 et
941 3309 1043 3369 homo
1060 3308 1181 3370 videret

187 3412 350 3494 potissime
367 3412 571 3493 gravitatem,
596 3432 670 3475 cum
695 3412 748 3474 illa
772 3415 820 3474 vel
844 3413 884 3474 sit
903 3412 1007 3474 forma
1030 3415 1178 3475 substan·

185 3516 272 3577 cialis
306 3515 356 3599 (ut
388 3517 492 3597 placet
520 3516 668 3599 Averroi)
698 3518 746 3579 uel
776 3517 876 3579 lorma
907 3517 1179 3599 propinquissime

143 3621 379 3703 Roprincipians
413 3621 571 3698 colorem;
610 3641 722 3703 ymmo
756 3640 832 3682 cum
871 3621 959 3683 color
998 3622 1177 3683 secundum

187 3725 397 3807 philosophos
427 3745 492 3786 non
523 3726 563 3786 sit
592 3726 650 3785 nisi
680 3728 733 3787 lux
763 3726 965 3807 incorporata
993 3727 1177 3807 dyaphan0,

187 3830 311 3892 videtur
334 3831 421 3911 quod
445 3831 484 3890 ad
510 3829 726 3892 variacionem
751 3831 830 3891 lucis
860 3831 1000 3891 varietur
1024 3845 1054 3891 et
1077 3830 1176 3893 color.

185 3933 270 3995 Cum
294 3953 370 4012 ergo
393 3934 605 3995 coexistentia
628 3934 820 4015 qualitatum
846 3955 909 3995 non
926 3933 1043 3996 sufficit
1061 3949 1097 3996 ut
1113 3954 1175 3996 una

233 4187 256 4223 4.
271 4172 345 4216 ABC:
364 4177 388 4216 et
397 4174 580 4228 protestacione.
640 4185 661 4228 5.
677 4174 750 4219 ABC:
771 4186 820 4218 cum
835 4175 900 4217 illud.
956 4186 978 4228 n.
995 4173 1026 4215 u:
1047 4175 1175 4217 intellectu.

182 4255 213 4286 ιο.
234 4243 265 4285 u:
285 4254 334 4285 eum
354 4243 424 4285 deest.
507 4241 536 4287 13.
556 4243 589 4286 D:
609 4245 645 4286 uel
662 4245 733 4287 deest.
816 4257 846 4299 ¹7·
867 4244 898 4287 u:
916 4257 961 4299 per
980 4245 1173 4299 exspisacr'onent.

181 4312 260 4355 asu:
280 4311 380 4367 Siquis.
440 4312 524 4356 alib:
545 4314 698 4356 elementales.
754 4313 834 4367 apli:
855 4315 969 4356 athomo.
1026 4312 1174 4367 annaeo:

181 4382 297 4425 Averrois.
353 4383 389 4426 30.
406 4382 437 4426 D:
450 4385 600 4437 principans.
652 4381 683 4426 32.
700 4383 732 4426 D:
748 4385 891 4427 uariaretur.
942 4382 973 4426 33.
990 4382 1021 4426 E:
1036 4383 1173 4426 existencia.
