3046 4920
144 427 202 478 LlV
656 426 930 479 lnmonttcrrotv.

143 599 345 666 Taborites.¹
370 602 380 663 l
398 600 526 683 subjoin
544 602 595 664 the
612 601 721 685 points
738 600 776 665 ol
787 616 924 685 greatest
939 602 1149 685 importunae,
1174 602 1311 685 wishing
1327 606 1448 687 clearly

145 722 178 768 ιο
202 706 293 767 show
318 706 386 769 that
407 705 483 789 they
507 726 558 767 are
581 707 699 769 almost
721 706 870 770 identical
894 706 970 769 with
995 707 1050 770 the
1074 703 1170 768 belief
1190 704 1228 767 ol
1248 705 1386 788 chlif:

248 811 493 873 Sacramentum
516 811 670 873 dominici
686 809 830 893 corporis
846 827 878 872 et
893 811 1057 894 sanguinis
1073 826 1121 873 est
1137 812 1267 891 signum
1283 830 1321 873 ex
1337 811 1448 875 divina

142 915 350 978 institucione
374 916 563 998 deputatum
589 916 630 977 ad
652 913 896 996 significandum
921 915 1090 978 efficaciter
1116 915 1313 997 spiritualem
1343 918 1448 979 nutri·

141 1021 269 1082 cionem
295 1020 435 1081 hominis
460 1020 491 1080 in
510 1019 587 1093 Deo,
612 1038 676 1100 qua
698 1017 865 1080 assistente
887 1019 950 1081 vita
972 1020 1148 1101 spiritualis
1172 1035 1391 1103 conservatur,
1416 1036 1449 1083 et

143 1145 206 1209 qua
231 1124 395 1186 deficiente
433 1122 552 1195 deficit,
592 1122 716 1185 dicente
750 1123 891 1199 veritate,
929 1123 1058 1185 loannis
1084 1124 1139 1187 Vl:
1178 1124 1246 1188 Nisi
1268 1127 1447 1188 manduca·

143 1230 252 1291 veritis
275 1243 334 1291 etc.
442 1228 540 1304 Quod
574 1239 811 1289 sacramentnm
843 1240 945 1288 cetera
977 1226 1195 1309 multipliciter
1227 1228 1385 1291 excellens
1409 1250 1448 1293 ex

145 1333 219 1395 alibi
244 1330 412 1394 declaratis
443 1351 627 1413 expressum
653 1330 750 1393 habet
772 1330 804 1391 in
828 1332 986 1413 evangelis
1019 1331 1265 1394 fundamentum
1398 1334 1450 1397 De

143 1457 211 1519 quo
246 1436 334 1498 istud
359 1457 396 1498 ex
425 1434 488 1498 fide
520 1436 675 1518 scripture
709 1449 856 1500 tenemus
880 1450 911 1499 et
934 1436 1030 1498 corde
1062 1436 1223 1498 sinceriter
1255 1434 1449 1502 confitemur

144 1542 232 1624 quod
263 1540 356 1623 panis
384 1560 482 1624 quem
506 1540 653 1604 Christus
678 1541 709 1603 in
733 1560 790 1603 sua
814 1561 891 1604 cena
913 1542 1071 1625 accipiens
1096 1540 1161 1604 suis
1184 1542 1224 1603 ad
1248 1542 1448 1604 manducan-

144 1648 224 1708 dum
257 1645 346 1708 dedit
377 1645 627 1727 discipulis
654 1646 781 1728 reliquit
816 1648 1003 1710 memoriam
1037 1666 1093 1708 sue
1130 1645 1301 1729 passionis,
1335 1656 1383 1708 est
1415 1646 1449 1707 in

145 1762 266 1813 rratrrra
290 1769 351 1812 sua
374 1768 471 1813 verus
490 1751 588 1832 panis
610 1751 666 1833 qni
683 1752 876 1832 pronomine
897 1752 956 1814 lroc
978 1750 1222 1814 demonstratur
1245 1751 1277 1813 in
1294 1752 1356 1813 hac
1367 1768 1449 1832 pro·

141 1855 308 1936 posicione
337 1856 587 1917 sacramentali:
617 1854 691 1917 Hoc
713 1865 761 1917 esl
782 1874 900 1937 corpus
924 1876 1040 1920 arreum.
1076 1856 1214 1918 Etcum
1243 1855 1304 1917 hoc
1333 1873 1451 1917 verum

147 1979 265 2042 corpus
291 1958 410 2022 Christi
517 1980 581 2021 non
617 1958 752 2023 identice
780 1962 818 2020 de
848 1961 1000 2023 materiali
1032 1960 1198 2022 identitate
1229 1940 1449 2042 intelligendo,

146 2065 202 2125 sed
227 2064 507 2142 sacramentaliter,
532 2064 655 2125 realiter
677 2078 707 2125 et
731 2080 821 2143 vere;
848 2065 902 2147 qui
931 2080 1061 2147 propter
1088 2063 1137 2125 sui
1162 2064 1382 2127 habitudinem
1407 2065 1449 2126 ad

146 2188 264 2250 corpus
280 2168 400 2232 Christi
421 2168 452 2230 in
477 2168 536 2230 sibi
560 2169 666 2231 debita
691 2169 856 2232 habendus
879 2186 927 2233 est
950 2169 1141 2245 reverencia;
1166 2185 1196 2232 et
1213 2167 1322 2231 fideles
1339 2171 1449 2252 ipsum

147 2288 340 2335 venerantur
369 2294 433 2336 non
458 2288 494 2336 ut
516 2273 608 2356 panis
631 2275 857 2349 substanciam,
881 2277 936 2337 sed
959 2275 997 2335 de
1020 2289 1155 2357 quanto,
1180 2289 1216 2336 ut
1240 2274 1450 2355 premittitur,

147 2392 195 2440 est
212 2398 330 2460 corpus
343 2378 473 2453 Christi,
497 2380 588 2440 cuius
612 2398 723 2440 verum
747 2399 864 2461 corpus
888 2380 919 2441 in
944 2380 1058 2441 eodem
1082 2399 1150 2440 esse
1174 2379 1329 2441 veraciter
1345 2398 1449 2441 sacra·

148 2482 329 2544 mentaliter
351 2502 388 2544 ac
411 2484 617 2565 spiritualiter
641 2497 687 2544 est
711 2485 915 2563 credendum,
941 2505 1004 2546 raon
1029 2499 1137 2546 antem
1154 2483 1185 2544 in
1204 2484 1357 2545 omnibus
1376 2504 1448 2560 pro·

148 2589 334 2672 prietatibus
350 2603 416 2650 tam
432 2589 656 2650 essencialibns
673 2609 769 2671 qnam
786 2590 1035 2651 accidentalibus
1050 2590 1323 2673 consequentibus
1339 2588 1449 2670 ipsum

148 2697 233 2757 idem
268 2713 386 2776 corpus
412 2693 532 2755 Christi
562 2694 592 2754 in
623 2696 690 2755 celo
716 2696 745 2755 in
770 2695 896 2756 dextera
922 2695 976 2757 Dei
1010 2696 1133 2771 sedens,
1167 2714 1224 2756 nec
1252 2695 1450 2756 adsensum

149 2800 346 2881 ponentium
377 2818 494 2881 corpus
518 2797 635 2861 Christi
666 2799 765 2861 taliter
795 2798 837 2859 ibi
866 2819 943 2879 esse,
976 2802 1063 2882 quod
1089 2801 1140 2861 ille
1165 2800 1280 2860 modus
1314 2818 1450 2879 presup·

150 2920 285 2986 poneret
316 2903 510 2965 desicionem
544 2905 725 2966 substancia
758 2903 848 2986 panis
872 2918 902 2965 et
926 2904 1167 2965 conversionem
1200 2904 1452 2966 substancialcm

149 3010 251 3092 ipsius
276 3008 307 3069 in
332 3028 449 3090 corpus
467 3007 597 3087 Christi,
622 3011 660 3069 nd
685 3010 772 3091 quod
797 3010 902 3070 omnis
926 3007 1026 3071 fidelis
1051 3010 1082 3069 in
1107 3026 1215 3070 meme
1238 3009 1330 3070 debet
1348 3021 1449 3068 atten-

149 3115 235 3195 dere,
247 3133 400 3195 suspensa
418 3114 676 3175 consideracione
694 3115 774 3176 circa
792 3128 940 3175 naturam
957 3114 1127 3176 materialis
1144 3113 1327 3177 substancia
1344 3131 1451 3174 sacra·

150 3219 261 3298 menti,
289 3238 361 3280 curn
386 3218 570 3280 sollicitudo
595 3216 737 3280 fidelium
762 3239 833 3280 vere
857 3219 1030 3297 adorando,
1053 3217 1296 3301 genuflectendo
1314 3230 1345 3280 et
1361 3216 1452 3297 cogi·

150 3323 250 3385 tando
274 3343 342 3384 esse
366 3323 480 3385 debeat
504 3324 534 3384 in
560 3323 741 3385 imitatione
758 3323 933 3385 Salvatoris
957 3325 1057 3384 nostri
1081 3338 1113 3384 et
1135 3324 1309 3387 devocione
1325 3323 1366 3382 ad
1382 3322 1453 3383 eius

151 3447 267 3509 corpus
299 3428 388 3510 quod
417 3448 544 3489 sursum
573 3444 631 3508 cst,
655 3444 684 3490 et
709 3429 797 3511 quod
826 3427 925 3490 eciam
954 3429 1051 3488 modo
1080 3429 1224 3509 predicto
1253 3426 1354 3489 estin
1378 3425 1453 3507 ipso

152 3533 326 3595 venerabili
350 3549 561 3596 sacramento.
586 3536 626 3596 Et
649 3533 969 3617 proporcionabiliter
990 3532 1029 3594 de
1052 3548 1251 3595 sacramento
1274 3532 1379 3594 calicis
1404 3544 1454 3594 est

152 3638 372 3701 senciendum.

261 3744 287 3806 lt
310 3763 375 3806 was
399 3764 441 3806 on
467 3744 528 3807 this
552 3765 627 3828 very
650 3744 743 3826 point
765 3744 833 3807 that
854 3743 907 3806 the
939 3744 1100 3805 moderate
1125 3742 1270 3804 Hussites
1303 3740 1452 3823 opposed

155 3848 209 3910 the
234 3848 404 3911 Taborites
430 3849 505 3911 svith
532 3849 584 3911 the
609 3864 693 3911 most
715 3848 847 3910 decided
870 3849 1110 3911 contradiction.
1136 3847 1234 3910 Their
1259 3847 1402 3909 doctrine
1427 3846 1455 3909 is

130 3974 188 4016 ,as
213 3953 353 4017 follows:

262 4060 408 4142 lnprimis
426 4061 584 4123 credimus
601 4076 631 4123 et
648 4076 829 4125 tenemus..
846 4060 933 4143 quod
946 4058 1092 4123 Christus
1106 4078 1198 4120 verus
1211 4059 1296 4120 Deus
1313 4071 1343 4118 et
1356 4076 1453 4118 verus

154 4164 254 4227 homo
278 4179 325 4228 est
349 4167 379 4227 in
405 4180 602 4228 sacramento
626 4166 740 4228 visibili
760 4166 954 4228 Eucharistie
969 4164 1147 4226 secundum
1171 4183 1262 4225 suam
1287 4162 1454 4244 propriam

264 4377 270 4410 ¹
291 4377 391 4427 Fontes
408 4392 496 4427 rerum
516 4377 644 4427 nustriae.
663 4377 681 4439 1,
700 4387 765 4426 torn.
785 4376 826 4439 Vl,
845 4392 870 4442 p.
888 4374 947 4426 non.
