3046 4920
141 442 209 488 car.
225 428 278 518 ra]
486 446 530 496 oo
551 441 795 496 Eucflstttstttt.

141 605 316 668 auctoritas
331 605 478 667 Romane
493 600 627 665 ecclesie
649 601 745 663 aliter
750 599 833 682 fieri
856 598 1058 662 secundaverit
1073 607 1133 661 out

136 709 330 791 permiserit.

184 813 245 876 lsta
270 829 378 877 autem
403 809 568 873 sentencia
599 810 681 873 clare
704 811 798 872 docet
820 829 932 872 omnes
957 807 1130 872 decretales
1171 826 1223 872 Tne
1238 829 1321 884 pope·

140 931 171 979 et
195 919 322 980 decreta
340 917 489 979 Romane
506 914 638 979 ecclesie
663 915 702 977 de
719 930 841 998 quanto
866 933 932 976 non
957 912 1132 976 fundantur
1193 883 1316 992 iiiiii.

116 1021 171 1084 §in
197 1021 353 1105 scriptura
376 1042 445 1085 esse
468 1021 632 1104 superflua
654 1037 686 1084 et
709 1020 834 1083 iniusta.
869 1017 1036 1102 Supcrflua
1060 1016 1129 1099 qui·
1148 990 1344 1103 miiifiiiiiiirc

140 1126 223 1209 dem,
246 1128 323 1210 quia
345 1127 530 1210 dependent
552 1146 592 1189 ex
607 1124 775 1189 voluntate
791 1144 926 1210 persone
950 1122 1046 1186 nimis
1061 1142 1130 1184 ver·
1168 1101 1325 1203 tlllliiii..

140 1229 237 1294 tibilis
248 1233 288 1293 ad
304 1231 415 1294 omnia
426 1251 543 1314 genera
557 1244 774 1313 peccatorum.
793 1230 1012 1293 Intencionem
1023 1228 1132 1311 itaque

139 1354 232 1398 suam
247 1356 310 1420 que
327 1350 374 1399 est
389 1335 485 1417 origo
501 1334 583 1417 legis
607 1335 704 1397 debet
725 1333 837 1417 legista
855 1336 1031 1413 consulere,
1055 1332 1131 1415 quia

141 1459 207 1501 nou
239 1440 323 1502 valet
354 1439 405 1502 lex
437 1460 495 1502 sua
528 1440 589 1502 nisi
624 1439 663 1501 de
696 1453 818 1523 quanto
856 1437 949 1501 luerit
981 1438 1021 1500 ab
1057 1436 1128 1519 ipso

102 1544 331 1626 roapprobata3
363 1565 477 1628 ymmo
506 1562 582 1606 cum
610 1544 701 1628 (velit
730 1564 814 1627 papa
843 1541 939 1625 nolit)
973 1540 1131 1625 permittit

141 1645 206 1710 fieri
230 1648 428 1711 contrarium
451 1648 513 1732 legi
537 1668 608 1729 sue,
631 1663 752 1711 cassata
776 1664 822 1710 est
846 1647 914 1710 eius
938 1645 1077 1709 efficacia
1100 1660 1131 1706 et

140 1751 342 1834 superfluitas
353 1754 523 1816 declarata.
539 1753 595 1815 Est
604 1755 747 1816 secundo
758 1751 885 1837 iniusta,
896 1750 971 1836 quia
984 1750 1131 1835 quando·

140 1875 267 1941 cunque
278 1878 360 1940 pape
377 1857 534 1941 placuerit
550 1858 741 1936 revocanda,
757 1870 789 1920 et
804 1877 869 1920 uon
886 1870 933 1918 est
949 1855 1129 1919 revocanda

140 1959 200 2023 nisi
225 1960 322 2025 luerit
352 1963 482 2037 iniusta,
517 1983 595 2047 ergo
620 1977 667 2025 est
690 1961 844 2025 continue
868 1975 974 2043 parate
998 1959 1130 2039 iniusta,

101 2077 129 2129 15
140 2066 216 2149 quia
238 2087 313 2150 ergo
339 2069 500 2131 nescimus
517 2069 722 2131 voluntatem
737 2068 787 2130 vel
803 2055 925 2130 iactum
946 2064 1032 2128 illius
1048 2085 1130 2147 pape

140 2170 190 2233 vel
214 2172 371 2255 priorum,
396 2173 470 2236 ideo
487 2172 682 2257 quiescimus
706 2173 737 2235 in
762 2169 824 2235 fide
847 2172 1014 2257 scripture,
1038 2170 1129 2233 cuius

139 2276 359 2341 auctoritatem
384 2277 503 2341 scimus
528 2278 739 2344 immobilem.

182 2382 247 2443 Nec
265 2382 318 2444 alii
334 2404 417 2465 pape
434 2385 543 2467 quoad
569 2380 666 2446 fidem
684 2381 855 2463 credimus,
872 2383 931 2444 uisi
948 2382 988 2444 dc
1004 2398 1128 2466 quanto

139 2504 172 2546 se
196 2486 374 2549 fundaverit
397 2487 430 2549 in
454 2488 612 2571 scriptura
636 2488 755 2571 inqua
779 2487 899 2550 scimus
923 2506 980 2549 nec
1000 2487 1129 2549 Petrum

98 2609 196 2651 sonec
221 2590 319 2654 alium
336 2594 522 2675 apostolum
542 2607 666 2655 tanturn
683 2592 864 2656 dominium
882 2612 1050 2674 usurpasse
1074 2593 1129 2653 sed

139 2695 336 2758 consuluisse
368 2697 473 2760 Deum
506 2718 563 2779 per
601 2714 731 2779 sortem,
769 2698 898 2782 quaudo
935 2696 1050 2759 deiecit
1083 2696 1128 2758 eis

138 2797 307 2882 inspiracio
335 2801 516 2884 singularis.
553 2803 643 2865 Patet
671 2809 741 2865 Act.
766 2802 871 2884 primo
899 2803 938 2864 de
968 2802 1128 2864 eleccione

139 2903 267 2970 Mathie.

180 3013 297 3088 Quoad
320 3013 498 3074 secundum
522 3012 561 3074 de
585 3011 714 3075 veritate
739 3013 906 3075 verborum
935 3011 1127 3074 sacramenti
1137 3028 1346 3127 ἷιέἳὲἓοὲξὲιιξῐηιξὲι

1339 3117 1345 3137 .

95 3124 221 3200 25patet
243 3119 331 3199 quod
358 3118 425 3199 ipsa
457 3131 534 3179 sunt
561 3117 737 3198 verissima,
769 3137 844 3179 cum
876 3133 949 3180 sunt
977 3133 1127 3179 constans
1161 3135 1322 3232 sanesergefnanre

136 3238 166 3285 et
190 3223 323 3283 salubris
347 3223 509 3283 sentencia
538 3222 661 3285 domini
685 3222 842 3299 veritatis;
872 3238 902 3284 et
930 3243 1003 3284 cum
1032 3243 1126 3305 panis
1148 3240 1245 3296 tropica
1261 3252 1336 3284 sense.

135 3340 189 3389 aut
212 3326 322 3388 vinum
347 3328 589 3389 demonstratur
615 3328 734 3411 ubique
766 3349 822 3390 nec
850 3329 932 3389 dicta
963 3329 1126 3390 transsub-

135 3431 307 3493 stantiacio
344 3452 399 3492 nec
433 3430 697 3514 ydemptificacio
731 3452 789 3494 nec
823 3432 989 3515 inpanacio
1023 3446 1127 3515 potest

135 3557 211 3614 esse,
238 3558 302 3597 non
327 3551 424 3598 restat
450 3537 508 3599 nisi
533 3558 645 3600 sensus
666 3538 810 3619 tropicus
826 3538 943 3599 scilicet
959 3539 1047 3620 quod
1064 3538 1125 3598 hoc

93 3640 249 3722 3ofigurat
273 3645 547 3706 sacramentaliter
576 3664 693 3726 corpus
724 3643 855 3706 Christi.
890 3644 987 3719 Quod
1016 3659 1125 3705 autem

134 3748 370 3809 demonstratur
408 3749 500 3830 panis
538 3765 594 3810 aut
633 3750 755 3828 vinum,
793 3765 886 3810 sonat
924 3750 1124 3830 quadruplex

185 3987 204 4030 5.
218 3987 272 4030 AB:
288 3988 311 4030 in
327 3989 385 4038 islo;
400 3988 431 4031 C:
447 3989 534 4030 r'ru'usta
550 3989 594 4031 alia
610 4001 688 4031 manu.
749 4002 780 4031 ιο.
796 3988 828 4031 D:
844 3990 880 4031 vcl
893 3990 965 4040 nolit,·
979 3990 1010 4032 ib.
1022 3990 1052 4031 l):
1068 4002 1123 4044 per-

132 4058 215 4099 mittat.
284 4070 315 4108 ¹4·
337 4056 367 4099 C:
387 4070 447 4114 ergo
469 4082 492 4087 —
512 4059 598 4100 iniusta
619 4059 641 4101 in
663 4071 735 4113 marg.
756 4060 799 4102 alia
819 4071 897 4101 mann.
965 4059 991 4102 15.
1014 4060 1044 4101 lt:
1061 4071 1124 4113 pape

131 4128 245 4182 duplicis,·
273 4128 367 4170 Attcu‘:
393 4141 457 4182 pape
481 4135 540 4173 etc:
570 4128 599 4171 [iz
628 4134 650 4170 et
673 4131 763 4172 celcris.
852 4131 882 4172 sti.
907 4129 938 4171 ll:
967 4132 1004 4171 ael
1023 4130 1121 4184 prioris.

133 4200 161 4239 rs'.
178 4196 271 4240 aucti:
288 4199 345 4239 olio.
405 4210 436 4251 in.
453 4197 508 4240 AC:
524 4200 621 4251 sesain
636 4199 666 4242 C:
682 4201 774 4241 durerit
789 4200 810 4241 in
828 4212 913 4253 inarg.;
929 4201 951 4241 ib
971 4200 1064 4242 AllDE:
1081 4212 1123 4242 nec

132 4269 202 4310 deest.
249 4278 279 4309 21.
297 4269 326 4310 C:
343 4270 473 4315 constitnit·
487 4269 510 4309 in
524 4282 611 4321 oraru:
627 4270 770 4311 consiluisse.
818 4281 852 4319 ει.
868 4271 899 4311 ll:
918 4271 1002 4320 (troiad
1014 4271 1121 4323 priorum.

132 4338 166 4378 sti.
182 4338 234 4379 All:
250 4340 369 4380 sentencia
385 4339 461 4390 dcest;
478 4338 509 4382 C:
525 4339 547 4380 in
564 4351 637 4392 utarg.
654 4339 696 4381 alia
713 4352 782 4381 mortu
797 4340 869 4381 addit.
924 4352 957 4392 27.
969 4340 1022 4382 AC:
1039 4340 1123 4395 ulr'qae

132 4419 173 4448 nec
187 4414 256 4449 sonat
271 4409 418 4461 orardrnples
432 4409 582 4462 ‹n-angcttmn
597 4409 665 4450 dicta.
731 4406 765 4450 30.
781 4408 874 4450 nucu:
894 4413 983 4462 purtem
999 4409 1093 4450 (Ilii-isti.

978 4489 1027 4527 lli*
