3046 4920
207 459 276 505 ese.
291 447 343 535 ιιι.Ι
547 465 591 517 ne
611 464 856 516 eticnsntsrts.

206 625 349 687 ereditur
371 627 569 707 possibiliter
596 624 626 685 ei
653 624 755 684 inesse
783 625 919 702 spetiem
948 634 978 684 et
1005 623 1194 706 qualitatem

205 729 304 811 partis
326 730 447 792 etvini
472 747 534 810 que
557 728 703 789 cernitur
731 728 825 807 quasi
853 746 916 789 non
939 729 1046 808 possit
1071 728 1195 808 species

206 854 369 916 apparere
395 834 488 896 euius
517 851 580 893 non
608 831 687 892 assit
717 831 902 893 substancia
928 832 980 894 vel
1007 831 1195 894 substancia

206 939 309 1002 latere
331 942 426 1000 errius
449 956 512 999 non
535 947 694 1017 appareat
707 936 836 1018 forma.

180 1046 193 1098 5
252 1043 313 1105 lsta
340 1043 437 1104 rerba
466 1039 605 1102 doctoris
634 1040 833 1103 incusserunt
862 1040 958 1103 michi
989 1039 1192 1103 formidinem
1205 1054 1308 1109 rerrtaps
1321 1054 1348 1096 nt·
1360 1056 1415 1110 0111>-

208 1168 267 1211 net
291 1145 385 1208 video
414 1143 492 1228 quin
521 1144 634 1206 doctor
657 1144 688 1206 in
711 1144 772 1206 illis
800 1145 945 1227 intelligit
972 1145 1061 1227 quod
1090 1142 1192 1205 fidelis
1211 1109 1407 1202 mitiis·‘iiiiii'c

205 1251 338 1314 suscitet
365 1249 561 1311 intellectum
586 1250 626 1310 ad
650 1250 844 1311 credendum
871 1249 960 1332 quod
989 1250 1096 1311 solum
1119 1211 1413 1325 cor-⁰iii¹a‘ii¹etiiiiii'¹

205 1375 266 1437 pus
290 1353 409 1417 Christi
434 1353 474 1416 sit
502 1367 575 1435 post
601 1354 879 1416 consecracionem
908 1353 950 1415 ibi
979 1317 1286 1436 principaliter⁵¹'‘’¹¹'d
1304 1317 1330 1360 Μ
1345 1315 1412 1359 '¹¹⁶³‘

205 1479 287 1542 pane
319 1471 352 1520 et
383 1457 460 1520 vino
495 1458 527 1520 in
563 1457 791 1540 principalitate
826 1458 879 1520 illa
912 1458 1039 1539 corpori
1073 1456 1193 1520 Christi

162 1562 406 1643 totedentibus,
440 1562 524 1625 unde
556 1577 688 1645 propter
719 1562 927 1625 amissionem
964 1561 1047 1624 illius
1079 1561 1194 1644 princi·

205 1665 345 1747 palitatis
368 1665 445 1728 dicit
470 1684 528 1728 net
552 1685 665 1749 panem
691 1685 748 1729 nee
771 1667 881 1728 vinum
907 1685 1070 1728 remanere
1090 1665 1193 1726 sedin

205 1790 322 1851 corpus
346 1766 465 1832 Christi
491 1770 641 1834 converti.
667 1770 855 1834 Accidencia
878 1785 986 1832 autem
1010 1769 1128 1832 habent
1151 1769 1192 1830 ibi

205 1875 416 1958 principalem
445 1874 650 1938 existentiam
672 1876 713 1937 ad
737 1874 1056 1959 expergefaciendum
1082 1894 1193 1937 sensus

206 1977 349 2041 fidelium
373 1979 442 2042 sine
465 1978 610 2043 subiecto
634 2000 694 2043 suo
717 1980 759 2042 ibi
783 1980 997 2063 principaliter
1024 1979 1192 2056 existente;

161 2092 427 2146 tiverumtamen
459 2083 528 2167 ipsa
559 2082 736 2148 informant
768 2104 882 2167 panem
911 2098 942 2148 et
968 2084 1093 2162 vinum,
1128 2103 1192 2144 non

204 2203 313 2251 autem
352 2208 469 2272 corpus
503 2188 620 2253 Christi
653 2191 701 2252 vel
733 2191 932 2271 sanguinem,
972 2191 1027 2251 sed
1060 2188 1113 2251 illa
1145 2188 1191 2248 in·

206 2291 361 2355 formatio
389 2308 520 2376 propter
547 2294 830 2377 presencialitatem
862 2293 1017 2376 dignioris
1050 2293 1192 2375 torporis

204 2414 252 2459 est
268 2399 383 2480 sopita,
409 2398 491 2460 sicut
507 2398 601 2460 Petro
618 2413 744 2461 tenente
760 2398 791 2459 in
809 2400 908 2461 domo
924 2398 1191 2480 principalitatem

204 2501 339 2564 dominii
373 2516 447 2584 post
479 2502 711 2564 successionem
734 2501 861 2581 Christi,
890 2503 921 2563 in
955 2503 1065 2564 eadem
1090 2504 1190 2563 domo

159 2607 254 2669 zocui
279 2606 391 2669 Petrus
416 2606 551 2671 omnino
575 2607 716 2670 succedit
739 2608 770 2669 in
804 2626 932 2669 servum
964 2627 1084 2668 nomen
1109 2605 1189 2668 Petri

205 2725 327 2773 tacetur
350 2726 380 2773 et
405 2730 524 2773 nomen
549 2711 668 2775 Christi
692 2713 723 2774 in
754 2712 899 2795 hiisque
927 2727 1002 2775 sunt
1029 2710 1191 2792 dignitatis

203 2817 253 2878 vel
281 2815 524 2898 principalitatis
553 2817 594 2878 ibi
623 2817 760 2900 erigitur.
795 2817 845 2880 Sic
872 2832 918 2879 est
945 2818 1189 2900 quodammodo

202 2922 241 2982 de
265 2939 398 3002 corpore
422 2918 540 2983 Christi
569 2936 599 2983 et
631 2941 712 3003 pane
744 2921 798 3004 qui
832 2935 904 3003 post
935 2920 1190 3001 conversionem,

202 3024 275 3088 licet
291 3038 454 3087 remaneat
470 3027 649 3087 secundum
664 3025 849 3104 essentiam,
867 3040 973 3087 tamen
991 3044 1058 3087 esse
1074 3025 1189 3108 princi·

157 3129 341 3212 aipalitatis
363 3131 404 3192 ab
427 3149 466 3190 eo
491 3130 623 3209 tollitur,
653 3150 726 3191 tum
751 3145 893 3192 remanet
916 3129 1101 3192 secundarie
1124 3149 1187 3190 ser·

203 3234 292 3296 viens
316 3233 474 3316 superiori
498 3236 625 3317 corpori
649 3250 684 3298 ut
709 3232 817 3317 figura.

247 3339 286 3401 Et
319 3353 457 3420 possunt
489 3339 574 3400 dicta
607 3339 699 3400 verba
735 3339 874 3401 doctoris
907 3339 988 3401 trahi
1021 3341 1060 3400 ad
1094 3339 1189 3401 istam

201 3442 409 3522 sentenciam,
427 3457 457 3504 et
473 3463 530 3525 per
545 3442 608 3504 hoc
631 3456 737 3525 potest
758 3443 889 3524 intelligi
914 3443 997 3505 dicta
1020 3443 1188 3505 conversio

203 3547 252 3608 vel
276 3548 604 3609 transsubstantiatio
628 3562 658 3609 et
683 3549 813 3609 ecclesia
844 3548 969 3609 novella
999 3549 1186 3610 concordari

157 3662 275 3715 :totum
304 3651 437 3713 ecclesia
466 3653 608 3735 antiqua,
636 3667 666 3714 et
690 3666 796 3733 potest
826 3651 917 3714 labor
946 3653 977 3714 in
1009 3654 1068 3715 ista
1097 3654 1185 3735 equi·

253 3925 272 3970 3.
288 3924 382 3971 aucti:
397 3927 531 3977 cuiusnam
548 3925 579 3968 ib.
594 3923 689 3970 aaut:
709 3927 905 3970 substantialiter.
922 3927 1029 3970 Corte-xi.
1082 3929 1102 3979 3,
1118 3943 1139 3979 r.
1155 3929 1186 3972 C:

199 3996 333 4040 sul-stantia
346 3994 444 4047 lateris,¹
462 3995 545 4038 lateris
558 3995 581 4038 in
597 4007 670 4050 marg.
685 3996 728 4038 alia
743 4007 821 4039 marin.
877 4009 907 4039 ro.
923 3996 1013 4040 Codd.:
1033 3997 1186 4041 credentibus.

200 4077 226 4109 ιι.
248 4064 345 4109 nacti:
365 4065 491 4107 elwinum.
582 4062 610 4107 ri.
631 4063 661 4107 E:
680 4077 778 4109 sensum.
874 4078 903 4120 ιγ.
922 4065 975 4108 All:
997 4073 1098 4121 propter
1115 4067 1186 4110 deest.

201 4137 231 4178 ul.
246 4136 299 4178 All:
314 4141 408 4178 tenente
421 4135 444 4178 in
459 4135 527 4178 tomo
540 4134 616 4182 deest:
636 4133 656 4178 C
670 4134 692 4178 in
709 4147 782 4189 marg.
798 4135 842 4178 ulia
858 4148 926 4178 marm
942 4135 1020 4186 addin
1036 4135 1066 4179 li:
1080 4137 1104 4179 in
1118 4137 1187 4180 doato

199 4205 270 4248 deest.
321 4217 351 4258 tn.
364 4204 417 4248 All:
432 4203 573 4256 dominium,
588 4203 619 4247 C:
634 4204 722 4247 tomus.
773 4216 802 4248 st.
814 4205 846 4248 ll:
862 4217 943 4248 annecte
959 4205 1034 4253 deest:
1051 4205 1082 4248 ib.
1093 4205 1187 4249 ABCE:

199 4275 241 4329 qui
251 4281 318 4323 stam
336 4274 484 4317 Ctorrexit:
502 4285 554 4330 que.
629 4285 661 4317 τε.
678 4274 707 4317 B:
727 4275 766 4317 triti
778 4276 890 4329 eripitur.
970 4273 1004 4319 23.
1020 4274 1054 4320 C:
1074 4274 1096 4318 in
1113 4288 1186 4328 niara.

199 4343 243 4386 alia
254 4356 337 4387 manu:
352 4344 563 4387 consecracionem.
618 4342 649 4386 25.
664 4343 697 4386 D:
712 4345 861 4388 secrrndarr'o.
915 4344 948 4399 25,
959 4345 994 4387 nti.
1007 4344 1036 4388 B:
1052 4345 1185 4388 servientes.

199 4411 233 4456 28.
248 4411 280 4456 E:
298 4414 390 4457 sorella
405 4413 483 4463 ditta;
497 4412 600 4469 intelligi
613 4412 683 4455 deest.
737 4411 773 4456 30.
788 4413 807 4457 C
823 4415 844 4456 in
861 4427 934 4466 mara.
949 4415 993 4456 alia
1010 4427 1093 4457 mann:
1109 4415 1184 4456 tabor.
