3046 4920
183 459 252 506 cn».
269 443 321 536 vn]
530 465 576 516 ne
596 462 841 514 socnsmsrn.

183 644 260 687 vero
275 636 354 687 sunt
370 635 497 686 mortno
514 620 683 697 animalia,
706 640 749 682 ex
763 640 903 702 qnorum
916 623 1055 702 pellibus
1074 623 1179 683 nostri

185 727 495 811 mnniantnrpedeS,
506 726 568 787 nisi
576 724 702 806 antiqui
708 736 824 804 patres
835 724 891 806 qni
903 743 960 786 nos
976 723 1019 785 nd
1033 734 1177 787 eternam

181 835 328 915 patriam
352 839 595 916 precesserunt.
634 828 785 903 Quorum
819 827 896 890 dnm
930 829 1079 909 exempla
1106 847 1178 890 con-

184 939 351 1020 spicimus‚
375 935 479 998 nostri
501 932 609 1016 operis
627 932 732 1015 pedes
756 934 929 996 munimus.
952 932 1178 995 Calceamenta

160 1048 265 1126 §ergo
281 1041 314 1104 in
320 1041 460 1123 potibus
475 1038 595 1100 nabere
611 1048 659 1100 est
671 1037 979 1100 nrortuorumuitam
995 1038 1180 1120 conspicere

184 1156 216 1209 et
228 1155 341 1208 nostra
358 1142 494 1225 uestigia
510 1162 531 1203 a
543 1143 672 1224 peccati
685 1142 821 1205 uulnere
836 1142 1005 1205 custodire.
1027 1142 1180 1204 Tenentes

184 1250 320 1313 baculos
358 1250 392 1310 in
431 1246 593 1309 manibus.
635 1245 722 1321 Quid
759 1248 815 1309 len
840 1266 903 1329 per
933 1245 1085 1307 bacillum
1119 1245 1181 1308 nisi

181 1352 382 1437 pastoralem
410 1350 591 1412 custodiam
620 1351 796 1434 designat?
826 1350 870 1412 Et
893 1349 1069 1413 notandum
1093 1349 1181 1432 quod

179 1458 278 1540 prius
289 1456 495 1538 precipimur
510 1472 606 1517 renes
621 1455 806 1538 accingere,
818 1453 1025 1537 postumium
1044 1454 1180 1516 baculos

145 1573 303 1636 iotcnere,
326 1561 405 1644 quia
428 1559 477 1621 illi
498 1558 614 1621 debent
635 1577 751 1620 curam
770 1560 974 1642 pastoralem
1001 1560 1178 1641 suscipere,

183 1666 260 1749 qnia
276 1665 341 1726 iam
358 1664 466 1726 sciunt
482 1664 514 1725 in
530 1682 592 1726 suo
607 1681 746 1744 corpore
751 1664 855 1744 fluxa
872 1663 1002 1726 luxurie
1017 1663 1178 1740 edomare,

186 1781 220 1832 ut
238 1789 311 1831 cum
328 1769 403 1831 aliis
409 1766 527 1852 forcia
538 1767 725 1851 predicant,
748 1767 812 1850 ipsi
833 1768 1004 1832 desideriis
1027 1767 1179 1830 mollibus

184 1885 216 1938 et
237 1873 457 1956 voluptatibus
480 1892 545 1935 non
568 1871 792 1936 succumbant.

227 1979 317 2042 Bene
351 1987 460 2039 autem
492 1977 661 2041 subditur:
699 1976 742 2039 Et
774 1977 943 2041 comedetis
966 1977 1178 2060 festinanter.

145 2091 173 2143 ι5
186 2084 316 2160 Notate,
352 2082 496 2167 fratres,
543 2092 653 2145 notate
688 2082 777 2165 quod
814 2082 934 2146 dicitur
968 2082 1179 2167 festinantes.

185 2188 349 2251 Mandata
372 2187 446 2263 Dei,
478 2187 623 2249 misteria
648 2185 887 2270 Redemptoris,
918 2186 1044 2251 celestis
1070 2187 1181 2270 patrie

184 2293 310 2377 gaudia
335 2312 408 2355 cnm
421 2291 646 2374 festinacione
672 2293 857 2374 cognoscite
883 2303 913 2355 et
935 2304 1090 2375 precepta
1118 2294 1180 2353 nite

185 2416 260 2459 curn
280 2397 504 2480 festinacione
535 2397 670 2479 implere
698 2406 822 2460 curate.
858 2396 944 2471 Quia
967 2399 1051 2458 enim
1075 2395 1181 2458 adlinc

186 2503 281 2566 lrodie
297 2503 369 2565 licet
383 2503 461 2564 bene
477 2520 580 2585 agere
594 2503 736 2564 scimus:
760 2511 871 2564 utrum
888 2520 963 2564 cras
979 2501 1071 2563 liceat
1086 2503 1179 2584 igno·

144 2631 177 2665 20
188 2627 313 2670 ramus,
331 2607 536 2669 Festinantes
551 2617 659 2668 antem
672 2607 799 2688 pascha
815 2607 978 2681 comedite,
1003 2605 1036 2668 id
1058 2617 1115 2681 est,
1137 2605 1181 2667 ad

185 2713 453 2795 sollempnitatem
467 2711 577 2792 patrie
592 2711 716 2773 celestis
732 2711 892 2775 anhelate.
917 2711 1019 2773 Nemo
1035 2712 1067 2773 in
1083 2712 1180 2773 lmins

186 2817 246 2879 nite
269 2817 382 2878 itinere
404 2825 542 2897 torpeat,
566 2835 606 2877 ne
629 2817 661 2877 in
674 2816 788 2897 patria
805 2815 912 2878 locum
923 2815 1052 2897 perdat.
1077 2815 1179 2877 Nemo

186 2938 297 2982 moras
329 2919 373 2982 ad
403 2918 583 3002 appetenda
606 2919 715 2981 studia
739 2921 883 2983 innectat
908 2920 965 2982 sed
992 2931 1083 3001 cepta
1103 2939 1179 3002 per·

173 3025 283 3108 ficiat,
308 3043 347 3086 ne
370 3025 501 3086 minime
525 3025 623 3086 liceat
643 3024 781 3106 implere
803 3024 890 3106 quod
912 3027 1050 3088 inclioat.
1080 3024 1115 3087 Si
1137 3025 1181 3087 ad

143 3137 329 3192 25amorem
363 3129 426 3190 Dei
452 3130 547 3212 pigri
576 3148 638 3191 non
667 3148 793 3210 snmus,
825 3129 959 3193 adiuuat
992 3131 1061 3211 ipse
1086 3149 1179 3212 quem

184 3254 345 3296 amamns.

230 3339 282 3402 Sic
306 3359 382 3421 ergo
405 3352 472 3401 tota
497 3338 674 3422 disposicio
704 3339 845 3402 hominis
872 3341 913 3403 ad
942 3340 1178 3402 comedendum
1228 3356 1361 3400 truncans

1189 3410 1277 3452 receive
1293 3409 1330 3452 tlic
1347 3408 1400 3450 trost

187 3445 323 3508 hostiam
348 3459 409 3506 stat
434 3444 465 3505 in
490 3443 612 3506 sincera
637 3459 667 3506 et
694 3459 784 3527 grata
809 3443 982 3507 dileccione
1006 3443 1124 3507 Christi
1149 3458 1330 3525 cuononem
1346 3461 1398 3503 ton

187 3550 255 3612 Dei.
281 3550 351 3629 Est,
376 3550 519 3632 inquam,
543 3551 665 3611 sincera
690 3550 835 3629 dileccio,
859 3549 988 3632 quondo
1012 3569 1103 3611 amor
1121 3548 1178 3611 Dei
1206 3514 1326 3609 mliii.
1341 3513 1385 3556 ³¹¹³

143 3653 401 3739 3osupereminet
435 3669 466 3716 et
498 3675 590 3717 amor
626 3654 797 3717 cuiuslibet
837 3669 975 3716 creature
1003 3653 1034 3715 in
1066 3655 1179 3717 ordine

184 3763 223 3821 ad
248 3762 353 3843 ipsum
377 3760 578 3841 supponitur.
613 3760 676 3835 Qui
706 3761 792 3821 enim
822 3761 894 3841 plus
923 3759 1023 3842 diligit
1058 3761 1177 3843 aliquid

239 4015 254 4044 ι.
272 4002 301 4043 ts:
321 4001 402 4056 quibus
414 4002 519 4056 pellitus.
581 4015 613 4044 to.
629 4004 648 4044 Α
665 4003 687 4044 in
704 4009 780 4045 textu:
800 4003 854 4053 illc;
874 4015 944 4057 snpra
959 4003 1012 4044 tin:
1028 4003 1082 4050 ·ittt‚·
1101 4002 1131 4044 ib.
1147 4002 1179 4044 C:

184 4073 223 4115 illi
234 4071 317 4114 debent
332 4071 354 4113 in
371 4083 444 4123 marg.
460 4071 504 4113 otia
521 4083 599 4114 nrsnn.
660 4084 685 4114 n.
702 4071 733 4115 C:
750 4070 848 4124 fluxum.
904 4082 932 4115 η.
948 4071 1042 4115 nect:
1061 4072 1180 4114 sarcinam

182 4141 308 4196 predicant
330 4141 378 4192 ipsi
396 4141 500 4184 desidiis.
587 4141 614 4184 15.
637 4142 668 4184 E:
683 4143 842 4197 festinanter.
924 4142 955 4185 18.
977 4141 1052 4185 ABC:
1074 4141 1108 4184 ad
1128 4142 1179 4183 troc.

186 4223 221 4253 20.
239 4211 269 4254 lt:
288 4211 379 4253 metite.
440 4210 473 4254 23.
490 4212 519 4255 E:
540 4213 618 4254 studia
634 4213 706 4255 deest.
769 4212 852 4255 rossltz
872 4217 924 4256 stet.
984 4211 1115 4267 28,29.li:
1136 4211 1181 4254 lter

188 4281 284 4324 Cirristt.

239 4408 263 4458 ti.
286 4411 368 4458 ljxnd.
387 4411 440 4471 xit,
459 4427 496 4460 tt.
575 4427 612 4473 ¹4·
632 4410 696 4459 ibid.
